participant_id,fsm_number,test_condition_x,transfer_order_x,transfer_task_1_x,transfer_task_2_x,timestamp,learning_counter,state_current,response_current,state_next,task,test_condition_y,transfer_order_y,transfer_task_1_y,transfer_task_2_y,response_time,fsm_type
2,21.0,prediction,EC,explanation,control,2023-08-17T15:55:58.667Z,2,1.0,b,0.0,chatbot-interaction-task-v20230817b,prediction,EC,explanation,control,7498,easy
2,21.0,prediction,EC,explanation,control,2023-08-17T15:56:02.366Z,3,0.0,a,2.0,chatbot-interaction-task-v20230817b,prediction,EC,explanation,control,2546,easy
2,21.0,prediction,EC,explanation,control,2023-08-17T15:56:05.215Z,4,2.0,b,2.0,chatbot-interaction-task-v20230817b,prediction,EC,explanation,control,1693,easy
2,21.0,prediction,EC,explanation,control,2023-08-17T15:56:07.431Z,5,2.0,b,2.0,chatbot-interaction-task-v20230817b,prediction,EC,explanation,control,1193,easy
2,21.0,prediction,EC,explanation,control,2023-08-17T15:56:09.531Z,6,2.0,a,0.0,chatbot-interaction-task-v20230817b,prediction,EC,explanation,control,1078,easy
2,21.0,prediction,EC,explanation,control,2023-08-17T15:56:12.380Z,7,0.0,a,2.0,chatbot-interaction-task-v20230817b,prediction,EC,explanation,control,1827,easy
2,21.0,prediction,EC,explanation,control,2023-08-17T15:56:13.996Z,8,2.0,b,2.0,chatbot-interaction-task-v20230817b,prediction,EC,explanation,control,604,easy
2,21.0,prediction,EC,explanation,control,2023-08-17T15:56:16.229Z,9,2.0,a,3.0,chatbot-interaction-task-v20230817b,prediction,EC,explanation,control,1210,easy
2,21.0,prediction,EC,explanation,control,2023-08-17T15:56:18.028Z,10,3.0,b,3.0,chatbot-interaction-task-v20230817b,prediction,EC,explanation,control,643,easy
2,21.0,prediction,EC,explanation,control,2023-08-17T15:56:22.310Z,11,3.0,a,1.0,chatbot-interaction-task-v20230817b,prediction,EC,explanation,control,3259,easy
2,21.0,prediction,EC,explanation,control,2023-08-17T15:56:24.377Z,12,1.0,b,0.0,chatbot-interaction-task-v20230817b,prediction,EC,explanation,control,1047,easy
2,21.0,prediction,EC,explanation,control,2023-08-17T15:56:25.660Z,13,0.0,a,2.0,chatbot-interaction-task-v20230817b,prediction,EC,explanation,control,271,easy
2,21.0,prediction,EC,explanation,control,2023-08-17T15:56:26.976Z,14,2.0,b,2.0,chatbot-interaction-task-v20230817b,prediction,EC,explanation,control,298,easy
2,21.0,prediction,EC,explanation,control,2023-08-17T15:56:28.542Z,15,2.0,a,0.0,chatbot-interaction-task-v20230817b,prediction,EC,explanation,control,545,easy
2,21.0,prediction,EC,explanation,control,2023-08-17T15:56:30.142Z,16,0.0,a,2.0,chatbot-interaction-task-v20230817b,prediction,EC,explanation,control,581,easy
2,21.0,prediction,EC,explanation,control,2023-08-17T15:56:31.753Z,17,2.0,b,2.0,chatbot-interaction-task-v20230817b,prediction,EC,explanation,control,576,easy
1,21.0,control,EP,explanation,prediction,2023-08-17T16:00:28.668Z,2,3.0,b,3.0,chatbot-interaction-task-v20230817b,control,EP,explanation,prediction,2638,easy
1,21.0,control,EP,explanation,prediction,2023-08-17T16:00:32.401Z,3,3.0,b,3.0,chatbot-interaction-task-v20230817b,control,EP,explanation,prediction,2704,easy
1,21.0,control,EP,explanation,prediction,2023-08-17T16:00:34.233Z,4,3.0,a,1.0,chatbot-interaction-task-v20230817b,control,EP,explanation,prediction,821,easy
1,21.0,control,EP,explanation,prediction,2023-08-17T16:00:36.432Z,5,1.0,a,0.0,chatbot-interaction-task-v20230817b,control,EP,explanation,prediction,1038,easy
1,21.0,control,EP,explanation,prediction,2023-08-17T16:00:38.450Z,6,0.0,a,2.0,chatbot-interaction-task-v20230817b,control,EP,explanation,prediction,854,easy
1,21.0,control,EP,explanation,prediction,2023-08-17T16:00:40.349Z,7,2.0,a,0.0,chatbot-interaction-task-v20230817b,control,EP,explanation,prediction,721,easy
1,21.0,control,EP,explanation,prediction,2023-08-17T16:00:41.867Z,8,0.0,a,2.0,chatbot-interaction-task-v20230817b,control,EP,explanation,prediction,504,easy
1,21.0,control,EP,explanation,prediction,2023-08-17T16:00:43.533Z,9,2.0,a,0.0,chatbot-interaction-task-v20230817b,control,EP,explanation,prediction,654,easy
1,21.0,control,EP,explanation,prediction,2023-08-17T16:00:45.051Z,10,0.0,b,2.0,chatbot-interaction-task-v20230817b,control,EP,explanation,prediction,504,easy
1,21.0,control,EP,explanation,prediction,2023-08-17T16:00:46.500Z,11,2.0,b,2.0,chatbot-interaction-task-v20230817b,control,EP,explanation,prediction,437,easy
1,21.0,control,EP,explanation,prediction,2023-08-17T16:00:47.797Z,12,2.0,b,2.0,chatbot-interaction-task-v20230817b,control,EP,explanation,prediction,287,easy
1,21.0,control,EP,explanation,prediction,2023-08-17T16:00:49.034Z,13,2.0,b,2.0,chatbot-interaction-task-v20230817b,control,EP,explanation,prediction,221,easy
1,21.0,control,EP,explanation,prediction,2023-08-17T16:00:50.184Z,14,2.0,b,2.0,chatbot-interaction-task-v20230817b,control,EP,explanation,prediction,138,easy
1,21.0,control,EP,explanation,prediction,2023-08-17T16:00:51.647Z,15,2.0,a,0.0,chatbot-interaction-task-v20230817b,control,EP,explanation,prediction,454,easy
1,21.0,control,EP,explanation,prediction,2023-08-17T16:00:53.249Z,16,0.0,b,2.0,chatbot-interaction-task-v20230817b,control,EP,explanation,prediction,588,easy
1,21.0,control,EP,explanation,prediction,2023-08-17T16:00:55.020Z,17,2.0,b,2.0,chatbot-interaction-task-v20230817b,control,EP,explanation,prediction,737,easy
4,21.0,prediction,CE,control,explanation,2023-08-17T16:03:28.554Z,2,2.0,b,2.0,chatbot-interaction-task-v20230817b,prediction,CE,control,explanation,6194,easy
4,21.0,prediction,CE,control,explanation,2023-08-17T16:03:31.112Z,3,2.0,a,0.0,chatbot-interaction-task-v20230817b,prediction,CE,control,explanation,1272,easy
4,21.0,prediction,CE,control,explanation,2023-08-17T16:03:34.731Z,4,0.0,a,2.0,chatbot-interaction-task-v20230817b,prediction,CE,control,explanation,2116,easy
4,21.0,prediction,CE,control,explanation,2023-08-17T16:03:39.960Z,5,2.0,b,2.0,chatbot-interaction-task-v20230817b,prediction,CE,control,explanation,3934,easy
4,21.0,prediction,CE,control,explanation,2023-08-17T16:03:45.101Z,6,2.0,a,3.0,chatbot-interaction-task-v20230817b,prediction,CE,control,explanation,3826,easy
4,21.0,prediction,CE,control,explanation,2023-08-17T16:03:49.993Z,7,3.0,b,3.0,chatbot-interaction-task-v20230817b,prediction,CE,control,explanation,3360,easy
4,21.0,prediction,CE,control,explanation,2023-08-17T16:03:53.182Z,8,3.0,b,3.0,chatbot-interaction-task-v20230817b,prediction,CE,control,explanation,1912,easy
4,21.0,prediction,CE,control,explanation,2023-08-17T16:03:55.831Z,9,3.0,b,3.0,chatbot-interaction-task-v20230817b,prediction,CE,control,explanation,1354,easy
4,21.0,prediction,CE,control,explanation,2023-08-17T16:03:58.189Z,10,3.0,a,1.0,chatbot-interaction-task-v20230817b,prediction,CE,control,explanation,1046,easy
4,21.0,prediction,CE,control,explanation,2023-08-17T16:04:00.620Z,11,1.0,a,0.0,chatbot-interaction-task-v20230817b,prediction,CE,control,explanation,907,easy
4,21.0,prediction,CE,control,explanation,2023-08-17T16:04:02.978Z,12,0.0,a,2.0,chatbot-interaction-task-v20230817b,prediction,CE,control,explanation,1065,easy
4,21.0,prediction,CE,control,explanation,2023-08-17T16:04:07.903Z,13,2.0,a,3.0,chatbot-interaction-task-v20230817b,prediction,CE,control,explanation,3628,easy
4,21.0,prediction,CE,control,explanation,2023-08-17T16:04:11.899Z,14,3.0,b,3.0,chatbot-interaction-task-v20230817b,prediction,CE,control,explanation,2689,easy
4,21.0,prediction,CE,control,explanation,2023-08-17T16:04:16.290Z,15,3.0,a,0.0,chatbot-interaction-task-v20230817b,prediction,CE,control,explanation,3082,easy
4,21.0,prediction,CE,control,explanation,2023-08-17T16:04:18.493Z,16,0.0,b,2.0,chatbot-interaction-task-v20230817b,prediction,CE,control,explanation,929,easy
4,21.0,prediction,CE,control,explanation,2023-08-17T16:04:23.549Z,17,2.0,b,2.0,chatbot-interaction-task-v20230817b,prediction,CE,control,explanation,3754,easy
3,21.0,explanation,PC,prediction,control,2023-08-17T16:02:07.487Z,2,0.0,b,2.0,chatbot-interaction-task-v20230817b,explanation,PC,prediction,control,1925,easy
3,21.0,explanation,PC,prediction,control,2023-08-17T16:02:10.580Z,3,2.0,a,3.0,chatbot-interaction-task-v20230817b,explanation,PC,prediction,control,1907,easy
3,21.0,explanation,PC,prediction,control,2023-08-17T16:02:14.167Z,4,3.0,b,3.0,chatbot-interaction-task-v20230817b,explanation,PC,prediction,control,2413,easy
3,21.0,explanation,PC,prediction,control,2023-08-17T16:02:17.513Z,5,3.0,a,1.0,chatbot-interaction-task-v20230817b,explanation,PC,prediction,control,2331,easy
3,21.0,explanation,PC,prediction,control,2023-08-17T16:02:20.606Z,6,1.0,b,0.0,chatbot-interaction-task-v20230817b,explanation,PC,prediction,control,1934,easy
3,21.0,explanation,PC,prediction,control,2023-08-17T16:02:23.619Z,7,0.0,a,2.0,chatbot-interaction-task-v20230817b,explanation,PC,prediction,control,1995,easy
3,21.0,explanation,PC,prediction,control,2023-08-17T16:02:26.113Z,8,2.0,b,2.0,chatbot-interaction-task-v20230817b,explanation,PC,prediction,control,1479,easy
3,21.0,explanation,PC,prediction,control,2023-08-17T16:02:28.433Z,9,2.0,a,0.0,chatbot-interaction-task-v20230817b,explanation,PC,prediction,control,1305,easy
3,21.0,explanation,PC,prediction,control,2023-08-17T16:02:31.393Z,10,0.0,a,2.0,chatbot-interaction-task-v20230817b,explanation,PC,prediction,control,1937,easy
3,21.0,explanation,PC,prediction,control,2023-08-17T16:02:34.139Z,11,2.0,b,2.0,chatbot-interaction-task-v20230817b,explanation,PC,prediction,control,1729,easy
3,21.0,explanation,PC,prediction,control,2023-08-17T16:02:35.926Z,12,2.0,a,0.0,chatbot-interaction-task-v20230817b,explanation,PC,prediction,control,774,easy
3,21.0,explanation,PC,prediction,control,2023-08-17T16:02:38.833Z,13,0.0,a,2.0,chatbot-interaction-task-v20230817b,explanation,PC,prediction,control,1884,easy
3,21.0,explanation,PC,prediction,control,2023-08-17T16:02:41.539Z,14,2.0,a,0.0,chatbot-interaction-task-v20230817b,explanation,PC,prediction,control,1681,easy
3,21.0,explanation,PC,prediction,control,2023-08-17T16:02:44.006Z,15,0.0,b,2.0,chatbot-interaction-task-v20230817b,explanation,PC,prediction,control,1447,easy
3,21.0,explanation,PC,prediction,control,2023-08-17T16:02:46.488Z,16,2.0,a,3.0,chatbot-interaction-task-v20230817b,explanation,PC,prediction,control,1444,easy
3,21.0,explanation,PC,prediction,control,2023-08-17T16:02:48.459Z,17,3.0,a,1.0,chatbot-interaction-task-v20230817b,explanation,PC,prediction,control,948,easy
5,21.0,control,EP,explanation,prediction,2023-08-17T16:12:28.484Z,2,1.0,b,0.0,chatbot-interaction-task-v20230817b,control,EP,explanation,prediction,2700,easy
5,21.0,control,EP,explanation,prediction,2023-08-17T16:12:31.850Z,3,0.0,b,2.0,chatbot-interaction-task-v20230817b,control,EP,explanation,prediction,2174,easy
5,21.0,control,EP,explanation,prediction,2023-08-17T16:12:36.533Z,4,2.0,a,3.0,chatbot-interaction-task-v20230817b,control,EP,explanation,prediction,3488,easy
5,21.0,control,EP,explanation,prediction,2023-08-17T16:12:39.150Z,5,3.0,b,3.0,chatbot-interaction-task-v20230817b,control,EP,explanation,prediction,1440,easy
5,21.0,control,EP,explanation,prediction,2023-08-17T16:12:42.966Z,6,3.0,b,3.0,chatbot-interaction-task-v20230817b,control,EP,explanation,prediction,2794,easy
5,21.0,control,EP,explanation,prediction,2023-08-17T16:12:59.349Z,7,3.0,b,3.0,chatbot-interaction-task-v20230817b,control,EP,explanation,prediction,15368,easy
5,21.0,control,EP,explanation,prediction,2023-08-17T16:13:05.516Z,8,3.0,b,3.0,chatbot-interaction-task-v20230817b,control,EP,explanation,prediction,5155,easy
5,21.0,control,EP,explanation,prediction,2023-08-17T16:13:07.599Z,9,3.0,a,1.0,chatbot-interaction-task-v20230817b,control,EP,explanation,prediction,1074,easy
5,21.0,control,EP,explanation,prediction,2023-08-17T16:13:09.699Z,10,1.0,b,0.0,chatbot-interaction-task-v20230817b,control,EP,explanation,prediction,1079,easy
5,21.0,control,EP,explanation,prediction,2023-08-17T16:13:12.549Z,11,0.0,a,2.0,chatbot-interaction-task-v20230817b,control,EP,explanation,prediction,1839,easy
5,21.0,control,EP,explanation,prediction,2023-08-17T16:13:14.166Z,12,2.0,a,0.0,chatbot-interaction-task-v20230817b,control,EP,explanation,prediction,609,easy
5,21.0,control,EP,explanation,prediction,2023-08-17T16:13:15.766Z,13,0.0,a,2.0,chatbot-interaction-task-v20230817b,control,EP,explanation,prediction,578,easy
5,21.0,control,EP,explanation,prediction,2023-08-17T16:13:17.199Z,14,2.0,a,0.0,chatbot-interaction-task-v20230817b,control,EP,explanation,prediction,414,easy
5,21.0,control,EP,explanation,prediction,2023-08-17T16:13:20.116Z,15,0.0,a,2.0,chatbot-interaction-task-v20230817b,control,EP,explanation,prediction,1897,easy
5,21.0,control,EP,explanation,prediction,2023-08-17T16:13:22.865Z,16,2.0,a,0.0,chatbot-interaction-task-v20230817b,control,EP,explanation,prediction,1712,easy
5,21.0,control,EP,explanation,prediction,2023-08-17T16:13:25.549Z,17,0.0,b,2.0,chatbot-interaction-task-v20230817b,control,EP,explanation,prediction,1671,easy
7,21.0,control,EP,explanation,prediction,2023-08-17T16:15:25.559Z,2,1.0,b,0.0,chatbot-interaction-task-v20230817b,control,EP,explanation,prediction,2582,easy
7,21.0,control,EP,explanation,prediction,2023-08-17T16:15:30.570Z,3,0.0,b,2.0,chatbot-interaction-task-v20230817b,control,EP,explanation,prediction,3739,easy
7,21.0,control,EP,explanation,prediction,2023-08-17T16:15:35.898Z,4,2.0,a,3.0,chatbot-interaction-task-v20230817b,control,EP,explanation,prediction,4164,easy
7,21.0,control,EP,explanation,prediction,2023-08-17T16:15:39.111Z,5,3.0,a,0.0,chatbot-interaction-task-v20230817b,control,EP,explanation,prediction,2060,easy
7,21.0,control,EP,explanation,prediction,2023-08-17T16:15:43.723Z,6,0.0,b,2.0,chatbot-interaction-task-v20230817b,control,EP,explanation,prediction,3589,easy
7,21.0,control,EP,explanation,prediction,2023-08-17T16:15:48.468Z,7,2.0,b,2.0,chatbot-interaction-task-v20230817b,control,EP,explanation,prediction,3717,easy
7,21.0,control,EP,explanation,prediction,2023-08-17T16:15:51.681Z,8,2.0,b,2.0,chatbot-interaction-task-v20230817b,control,EP,explanation,prediction,2187,easy
7,21.0,control,EP,explanation,prediction,2023-08-17T16:15:53.763Z,9,2.0,a,3.0,chatbot-interaction-task-v20230817b,control,EP,explanation,prediction,1057,easy
7,21.0,control,EP,explanation,prediction,2023-08-17T16:16:04.501Z,10,3.0,b,3.0,chatbot-interaction-task-v20230817b,control,EP,explanation,prediction,9719,easy
7,21.0,control,EP,explanation,prediction,2023-08-17T16:16:07.581Z,11,3.0,b,3.0,chatbot-interaction-task-v20230817b,control,EP,explanation,prediction,2063,easy
7,21.0,control,EP,explanation,prediction,2023-08-17T16:16:10.261Z,12,3.0,a,0.0,chatbot-interaction-task-v20230817b,control,EP,explanation,prediction,1656,easy
7,21.0,control,EP,explanation,prediction,2023-08-17T16:16:18.603Z,13,0.0,b,2.0,chatbot-interaction-task-v20230817b,control,EP,explanation,prediction,7318,easy
7,21.0,control,EP,explanation,prediction,2023-08-17T16:16:35.335Z,14,2.0,a,0.0,chatbot-interaction-task-v20230817b,control,EP,explanation,prediction,15714,easy
7,21.0,control,EP,explanation,prediction,2023-08-17T16:16:48.888Z,15,0.0,b,2.0,chatbot-interaction-task-v20230817b,control,EP,explanation,prediction,12530,easy
7,21.0,control,EP,explanation,prediction,2023-08-17T16:16:52.884Z,16,2.0,a,0.0,chatbot-interaction-task-v20230817b,control,EP,explanation,prediction,2975,easy
7,21.0,control,EP,explanation,prediction,2023-08-17T16:16:56.994Z,17,0.0,b,2.0,chatbot-interaction-task-v20230817b,control,EP,explanation,prediction,3078,easy
6,21.0,control,EP,explanation,prediction,2023-08-17T16:16:27.733Z,2,3.0,b,3.0,chatbot-interaction-task-v20230817b,control,EP,explanation,prediction,2477,easy
6,21.0,control,EP,explanation,prediction,2023-08-17T16:16:30.401Z,3,3.0,b,3.0,chatbot-interaction-task-v20230817b,control,EP,explanation,prediction,1678,easy
6,21.0,control,EP,explanation,prediction,2023-08-17T16:16:32.566Z,4,3.0,b,3.0,chatbot-interaction-task-v20230817b,control,EP,explanation,prediction,1178,easy
6,21.0,control,EP,explanation,prediction,2023-08-17T16:16:35.683Z,5,3.0,a,0.0,chatbot-interaction-task-v20230817b,control,EP,explanation,prediction,2144,easy
6,21.0,control,EP,explanation,prediction,2023-08-17T16:16:37.768Z,6,0.0,a,2.0,chatbot-interaction-task-v20230817b,control,EP,explanation,prediction,1112,easy
6,21.0,control,EP,explanation,prediction,2023-08-17T16:16:39.900Z,7,2.0,a,0.0,chatbot-interaction-task-v20230817b,control,EP,explanation,prediction,1144,easy
6,21.0,control,EP,explanation,prediction,2023-08-17T16:16:42.133Z,8,0.0,b,2.0,chatbot-interaction-task-v20230817b,control,EP,explanation,prediction,1245,easy
6,21.0,control,EP,explanation,prediction,2023-08-17T16:16:44.200Z,9,2.0,b,2.0,chatbot-interaction-task-v20230817b,control,EP,explanation,prediction,1078,easy
6,21.0,control,EP,explanation,prediction,2023-08-17T16:16:46.182Z,10,2.0,b,2.0,chatbot-interaction-task-v20230817b,control,EP,explanation,prediction,1012,easy
6,21.0,control,EP,explanation,prediction,2023-08-17T16:16:48.850Z,11,2.0,a,0.0,chatbot-interaction-task-v20230817b,control,EP,explanation,prediction,1696,easy
6,21.0,control,EP,explanation,prediction,2023-08-17T16:16:50.616Z,12,0.0,b,2.0,chatbot-interaction-task-v20230817b,control,EP,explanation,prediction,794,easy
6,21.0,control,EP,explanation,prediction,2023-08-17T16:16:53.851Z,13,2.0,a,3.0,chatbot-interaction-task-v20230817b,control,EP,explanation,prediction,2262,easy
6,21.0,control,EP,explanation,prediction,2023-08-17T16:16:55.983Z,14,3.0,b,3.0,chatbot-interaction-task-v20230817b,control,EP,explanation,prediction,1161,easy
6,21.0,control,EP,explanation,prediction,2023-08-17T16:16:57.753Z,15,3.0,b,3.0,chatbot-interaction-task-v20230817b,control,EP,explanation,prediction,795,easy
6,21.0,control,EP,explanation,prediction,2023-08-17T16:17:03.851Z,16,3.0,a,1.0,chatbot-interaction-task-v20230817b,control,EP,explanation,prediction,5128,easy
6,21.0,control,EP,explanation,prediction,2023-08-17T16:17:06.918Z,17,1.0,a,0.0,chatbot-interaction-task-v20230817b,control,EP,explanation,prediction,2095,easy
9,21.0,prediction,CE,control,explanation,2023-08-17T16:29:36.328Z,2,3.0,b,3.0,chatbot-interaction-task-v20230817b,prediction,CE,control,explanation,2554,easy
9,21.0,prediction,CE,control,explanation,2023-08-17T16:29:38.433Z,3,3.0,b,3.0,chatbot-interaction-task-v20230817b,prediction,CE,control,explanation,1088,easy
9,21.0,prediction,CE,control,explanation,2023-08-17T16:29:40.368Z,4,3.0,b,3.0,chatbot-interaction-task-v20230817b,prediction,CE,control,explanation,915,easy
9,21.0,prediction,CE,control,explanation,2023-08-17T16:29:42.293Z,5,3.0,a,1.0,chatbot-interaction-task-v20230817b,prediction,CE,control,explanation,901,easy
9,21.0,prediction,CE,control,explanation,2023-08-17T16:29:44.552Z,6,1.0,a,0.0,chatbot-interaction-task-v20230817b,prediction,CE,control,explanation,1091,easy
9,21.0,prediction,CE,control,explanation,2023-08-17T16:29:46.877Z,7,0.0,b,2.0,chatbot-interaction-task-v20230817b,prediction,CE,control,explanation,1168,easy
9,21.0,prediction,CE,control,explanation,2023-08-17T16:29:48.494Z,8,2.0,b,2.0,chatbot-interaction-task-v20230817b,prediction,CE,control,explanation,461,easy
9,21.0,prediction,CE,control,explanation,2023-08-17T16:29:49.869Z,9,2.0,b,2.0,chatbot-interaction-task-v20230817b,prediction,CE,control,explanation,352,easy
9,21.0,prediction,CE,control,explanation,2023-08-17T16:29:51.075Z,10,2.0,a,0.0,chatbot-interaction-task-v20230817b,prediction,CE,control,explanation,184,easy
9,21.0,prediction,CE,control,explanation,2023-08-17T16:29:52.193Z,11,0.0,a,2.0,chatbot-interaction-task-v20230817b,prediction,CE,control,explanation,107,easy
9,21.0,prediction,CE,control,explanation,2023-08-17T16:29:53.367Z,12,2.0,b,2.0,chatbot-interaction-task-v20230817b,prediction,CE,control,explanation,161,easy
9,21.0,prediction,CE,control,explanation,2023-08-17T16:30:33.018Z,13,2.0,a,3.0,chatbot-interaction-task-v20230817b,prediction,CE,control,explanation,38634,easy
9,21.0,prediction,CE,control,explanation,2023-08-17T16:30:52.320Z,14,3.0,b,3.0,chatbot-interaction-task-v20230817b,prediction,CE,control,explanation,18288,easy
9,21.0,prediction,CE,control,explanation,2023-08-17T16:30:53.550Z,15,3.0,b,3.0,chatbot-interaction-task-v20230817b,prediction,CE,control,explanation,209,easy
9,21.0,prediction,CE,control,explanation,2023-08-17T16:30:55.060Z,16,3.0,a,0.0,chatbot-interaction-task-v20230817b,prediction,CE,control,explanation,498,easy
9,21.0,prediction,CE,control,explanation,2023-08-17T16:30:56.559Z,17,0.0,b,2.0,chatbot-interaction-task-v20230817b,prediction,CE,control,explanation,482,easy
8,21.0,explanation,PC,prediction,control,2023-08-17T16:27:32.924Z,2,0.0,a,2.0,chatbot-interaction-task-v20230817b,explanation,PC,prediction,control,3387,easy
8,21.0,explanation,PC,prediction,control,2023-08-17T16:27:35.790Z,3,2.0,a,0.0,chatbot-interaction-task-v20230817b,explanation,PC,prediction,control,1605,easy
8,21.0,explanation,PC,prediction,control,2023-08-17T16:27:38.007Z,4,0.0,a,2.0,chatbot-interaction-task-v20230817b,explanation,PC,prediction,control,1097,easy
8,21.0,explanation,PC,prediction,control,2023-08-17T16:27:39.857Z,5,2.0,a,0.0,chatbot-interaction-task-v20230817b,explanation,PC,prediction,control,751,easy
8,21.0,explanation,PC,prediction,control,2023-08-17T16:27:42.706Z,6,0.0,b,2.0,chatbot-interaction-task-v20230817b,explanation,PC,prediction,control,1789,easy
8,21.0,explanation,PC,prediction,control,2023-08-17T16:27:45.040Z,7,2.0,b,2.0,chatbot-interaction-task-v20230817b,explanation,PC,prediction,control,1251,easy
8,21.0,explanation,PC,prediction,control,2023-08-17T16:27:47.174Z,8,2.0,b,2.0,chatbot-interaction-task-v20230817b,explanation,PC,prediction,control,1064,easy
8,21.0,explanation,PC,prediction,control,2023-08-17T16:27:49.039Z,9,2.0,b,2.0,chatbot-interaction-task-v20230817b,explanation,PC,prediction,control,778,easy
8,21.0,explanation,PC,prediction,control,2023-08-17T16:27:51.273Z,10,2.0,a,0.0,chatbot-interaction-task-v20230817b,explanation,PC,prediction,control,1135,easy
8,21.0,explanation,PC,prediction,control,2023-08-17T16:27:53.256Z,11,0.0,a,2.0,chatbot-interaction-task-v20230817b,explanation,PC,prediction,control,876,easy
8,21.0,explanation,PC,prediction,control,2023-08-17T16:27:55.789Z,12,2.0,a,3.0,chatbot-interaction-task-v20230817b,explanation,PC,prediction,control,1449,easy
8,21.0,explanation,PC,prediction,control,2023-08-17T16:27:58.973Z,13,3.0,a,1.0,chatbot-interaction-task-v20230817b,explanation,PC,prediction,control,1954,easy
8,21.0,explanation,PC,prediction,control,2023-08-17T16:28:01.256Z,14,1.0,a,0.0,chatbot-interaction-task-v20230817b,explanation,PC,prediction,control,1028,easy
8,21.0,explanation,PC,prediction,control,2023-08-17T16:28:04.071Z,15,0.0,b,2.0,chatbot-interaction-task-v20230817b,explanation,PC,prediction,control,1727,easy
8,21.0,explanation,PC,prediction,control,2023-08-17T16:28:05.942Z,16,2.0,b,2.0,chatbot-interaction-task-v20230817b,explanation,PC,prediction,control,796,easy
8,21.0,explanation,PC,prediction,control,2023-08-17T16:28:08.963Z,17,2.0,b,2.0,chatbot-interaction-task-v20230817b,explanation,PC,prediction,control,1857,easy
10,21.0,explanation,CP,control,prediction,2023-08-17T18:05:00.287Z,2,1.0,a,0.0,chatbot-interaction-task-v20230817b,explanation,CP,control,prediction,2799,easy
10,21.0,explanation,CP,control,prediction,2023-08-17T18:05:02.564Z,3,0.0,a,2.0,chatbot-interaction-task-v20230817b,explanation,CP,control,prediction,1068,easy
10,21.0,explanation,CP,control,prediction,2023-08-17T18:05:09.997Z,4,2.0,b,2.0,chatbot-interaction-task-v20230817b,explanation,CP,control,prediction,6229,easy
10,21.0,explanation,CP,control,prediction,2023-08-17T18:05:12.273Z,5,2.0,b,2.0,chatbot-interaction-task-v20230817b,explanation,CP,control,prediction,1254,easy
10,21.0,explanation,CP,control,prediction,2023-08-17T18:05:14.420Z,6,2.0,a,0.0,chatbot-interaction-task-v20230817b,explanation,CP,control,prediction,1131,easy
10,21.0,explanation,CP,control,prediction,2023-08-17T18:05:16.133Z,7,0.0,a,2.0,chatbot-interaction-task-v20230817b,explanation,CP,control,prediction,686,easy
10,21.0,explanation,CP,control,prediction,2023-08-17T18:05:17.711Z,8,2.0,b,2.0,chatbot-interaction-task-v20230817b,explanation,CP,control,prediction,556,easy
10,21.0,explanation,CP,control,prediction,2023-08-17T18:05:19.472Z,9,2.0,b,2.0,chatbot-interaction-task-v20230817b,explanation,CP,control,prediction,735,easy
10,21.0,explanation,CP,control,prediction,2023-08-17T18:05:22.432Z,10,2.0,a,3.0,chatbot-interaction-task-v20230817b,explanation,CP,control,prediction,1942,easy
10,21.0,explanation,CP,control,prediction,2023-08-17T18:05:25.045Z,11,3.0,a,0.0,chatbot-interaction-task-v20230817b,explanation,CP,control,prediction,1390,easy
10,21.0,explanation,CP,control,prediction,2023-08-17T18:05:27.089Z,12,0.0,b,2.0,chatbot-interaction-task-v20230817b,explanation,CP,control,prediction,1017,easy
10,21.0,explanation,CP,control,prediction,2023-08-17T18:05:29.009Z,13,2.0,b,2.0,chatbot-interaction-task-v20230817b,explanation,CP,control,prediction,874,easy
10,21.0,explanation,CP,control,prediction,2023-08-17T18:05:30.894Z,14,2.0,a,0.0,chatbot-interaction-task-v20230817b,explanation,CP,control,prediction,831,easy
10,21.0,explanation,CP,control,prediction,2023-08-17T18:05:32.325Z,15,0.0,a,2.0,chatbot-interaction-task-v20230817b,explanation,CP,control,prediction,413,easy
10,21.0,explanation,CP,control,prediction,2023-08-17T18:05:34.204Z,16,2.0,a,0.0,chatbot-interaction-task-v20230817b,explanation,CP,control,prediction,849,easy
10,21.0,explanation,CP,control,prediction,2023-08-17T18:05:36.966Z,17,0.0,a,2.0,chatbot-interaction-task-v20230817b,explanation,CP,control,prediction,1744,easy
12,21.0,prediction,CE,control,explanation,2023-08-17T18:09:13.426Z,2,3.0,a,0.0,chatbot-interaction-task-v20230817b,prediction,CE,control,explanation,2488,easy
12,21.0,prediction,CE,control,explanation,2023-08-17T18:09:15.927Z,3,0.0,a,2.0,chatbot-interaction-task-v20230817b,prediction,CE,control,explanation,1364,easy
12,21.0,prediction,CE,control,explanation,2023-08-17T18:09:18.489Z,4,2.0,b,2.0,chatbot-interaction-task-v20230817b,prediction,CE,control,explanation,1430,easy
12,21.0,prediction,CE,control,explanation,2023-08-17T18:09:20.667Z,5,2.0,b,2.0,chatbot-interaction-task-v20230817b,prediction,CE,control,explanation,1165,easy
12,21.0,prediction,CE,control,explanation,2023-08-17T18:09:22.633Z,6,2.0,b,2.0,chatbot-interaction-task-v20230817b,prediction,CE,control,explanation,956,easy
12,21.0,prediction,CE,control,explanation,2023-08-17T18:09:24.559Z,7,2.0,a,0.0,chatbot-interaction-task-v20230817b,prediction,CE,control,explanation,918,easy
12,21.0,prediction,CE,control,explanation,2023-08-17T18:09:26.955Z,8,0.0,b,2.0,chatbot-interaction-task-v20230817b,prediction,CE,control,explanation,1384,easy
12,21.0,prediction,CE,control,explanation,2023-08-17T18:09:28.825Z,9,2.0,b,2.0,chatbot-interaction-task-v20230817b,prediction,CE,control,explanation,857,easy
12,21.0,prediction,CE,control,explanation,2023-08-17T18:09:30.956Z,10,2.0,a,3.0,chatbot-interaction-task-v20230817b,prediction,CE,control,explanation,1120,easy
12,21.0,prediction,CE,control,explanation,2023-08-17T18:09:32.630Z,11,3.0,a,1.0,chatbot-interaction-task-v20230817b,prediction,CE,control,explanation,659,easy
12,21.0,prediction,CE,control,explanation,2023-08-17T18:09:34.604Z,12,1.0,a,0.0,chatbot-interaction-task-v20230817b,prediction,CE,control,explanation,838,easy
12,21.0,prediction,CE,control,explanation,2023-08-17T18:09:36.267Z,13,0.0,a,2.0,chatbot-interaction-task-v20230817b,prediction,CE,control,explanation,652,easy
12,21.0,prediction,CE,control,explanation,2023-08-17T18:09:37.966Z,14,2.0,a,0.0,chatbot-interaction-task-v20230817b,prediction,CE,control,explanation,686,easy
12,21.0,prediction,CE,control,explanation,2023-08-17T18:09:39.647Z,15,0.0,a,2.0,chatbot-interaction-task-v20230817b,prediction,CE,control,explanation,669,easy
12,21.0,prediction,CE,control,explanation,2023-08-17T18:09:41.493Z,16,2.0,a,3.0,chatbot-interaction-task-v20230817b,prediction,CE,control,explanation,830,easy
12,21.0,prediction,CE,control,explanation,2023-08-17T18:09:43.246Z,17,3.0,a,1.0,chatbot-interaction-task-v20230817b,prediction,CE,control,explanation,740,easy
11,21.0,control,PE,prediction,explanation,2023-08-17T18:07:56.250Z,2,3.0,a,1.0,chatbot-interaction-task-v20230817b,control,PE,prediction,explanation,1980,easy
11,21.0,control,PE,prediction,explanation,2023-08-17T18:07:58.240Z,3,1.0,a,0.0,chatbot-interaction-task-v20230817b,control,PE,prediction,explanation,788,easy
11,21.0,control,PE,prediction,explanation,2023-08-17T18:08:00.281Z,4,0.0,a,2.0,chatbot-interaction-task-v20230817b,control,PE,prediction,explanation,859,easy
11,21.0,control,PE,prediction,explanation,2023-08-17T18:08:02.240Z,5,2.0,a,3.0,chatbot-interaction-task-v20230817b,control,PE,prediction,explanation,772,easy
11,21.0,control,PE,prediction,explanation,2023-08-17T18:08:04.024Z,6,3.0,a,0.0,chatbot-interaction-task-v20230817b,control,PE,prediction,explanation,768,easy
11,21.0,control,PE,prediction,explanation,2023-08-17T18:08:05.658Z,7,0.0,a,2.0,chatbot-interaction-task-v20230817b,control,PE,prediction,explanation,622,easy
11,21.0,control,PE,prediction,explanation,2023-08-17T18:08:07.291Z,8,2.0,a,0.0,chatbot-interaction-task-v20230817b,control,PE,prediction,explanation,622,easy
11,21.0,control,PE,prediction,explanation,2023-08-17T18:08:09.514Z,9,0.0,a,2.0,chatbot-interaction-task-v20230817b,control,PE,prediction,explanation,1218,easy
11,21.0,control,PE,prediction,explanation,2023-08-17T18:08:11.216Z,10,2.0,b,2.0,chatbot-interaction-task-v20230817b,control,PE,prediction,explanation,684,easy
11,21.0,control,PE,prediction,explanation,2023-08-17T18:08:12.909Z,11,2.0,b,2.0,chatbot-interaction-task-v20230817b,control,PE,prediction,explanation,676,easy
11,21.0,control,PE,prediction,explanation,2023-08-17T18:08:14.472Z,12,2.0,b,2.0,chatbot-interaction-task-v20230817b,control,PE,prediction,explanation,555,easy
11,21.0,control,PE,prediction,explanation,2023-08-17T18:08:15.931Z,13,2.0,a,0.0,chatbot-interaction-task-v20230817b,control,PE,prediction,explanation,447,easy
11,21.0,control,PE,prediction,explanation,2023-08-17T18:08:17.424Z,14,0.0,b,2.0,chatbot-interaction-task-v20230817b,control,PE,prediction,explanation,484,easy
11,21.0,control,PE,prediction,explanation,2023-08-17T18:08:24.048Z,15,2.0,a,3.0,chatbot-interaction-task-v20230817b,control,PE,prediction,explanation,5609,easy
11,21.0,control,PE,prediction,explanation,2023-08-17T18:08:26.233Z,16,3.0,b,3.0,chatbot-interaction-task-v20230817b,control,PE,prediction,explanation,1172,easy
11,21.0,control,PE,prediction,explanation,2023-08-17T18:08:29.548Z,17,3.0,a,1.0,chatbot-interaction-task-v20230817b,control,PE,prediction,explanation,2301,easy
21,21.0,prediction,EC,explanation,control,2023-08-17T18:17:07.952Z,2,1.0,a,0.0,chatbot-interaction-task-v20230817b,prediction,EC,explanation,control,4181,easy
21,21.0,prediction,EC,explanation,control,2023-08-17T18:17:48.677Z,3,0.0,a,2.0,chatbot-interaction-task-v20230817b,prediction,EC,explanation,control,39557,easy
21,21.0,prediction,EC,explanation,control,2023-08-17T18:17:54.813Z,4,2.0,b,2.0,chatbot-interaction-task-v20230817b,prediction,EC,explanation,control,4955,easy
21,21.0,prediction,EC,explanation,control,2023-08-17T18:17:58.314Z,5,2.0,b,2.0,chatbot-interaction-task-v20230817b,prediction,EC,explanation,control,2469,easy
21,21.0,prediction,EC,explanation,control,2023-08-17T18:18:00.869Z,6,2.0,a,0.0,chatbot-interaction-task-v20230817b,prediction,EC,explanation,control,1526,easy
21,21.0,prediction,EC,explanation,control,2023-08-17T18:18:03.382Z,7,0.0,a,2.0,chatbot-interaction-task-v20230817b,prediction,EC,explanation,control,1484,easy
21,21.0,prediction,EC,explanation,control,2023-08-17T18:18:07.545Z,8,2.0,b,2.0,chatbot-interaction-task-v20230817b,prediction,EC,explanation,control,3140,easy
21,21.0,prediction,EC,explanation,control,2023-08-17T18:18:11.130Z,9,2.0,b,2.0,chatbot-interaction-task-v20230817b,prediction,EC,explanation,control,2550,easy
21,21.0,prediction,EC,explanation,control,2023-08-17T18:18:13.889Z,10,2.0,a,0.0,chatbot-interaction-task-v20230817b,prediction,EC,explanation,control,1732,easy
21,21.0,prediction,EC,explanation,control,2023-08-17T18:18:16.667Z,11,0.0,b,2.0,chatbot-interaction-task-v20230817b,prediction,EC,explanation,control,1745,easy
21,21.0,prediction,EC,explanation,control,2023-08-17T18:18:19.493Z,12,2.0,b,2.0,chatbot-interaction-task-v20230817b,prediction,EC,explanation,control,1782,easy
21,21.0,prediction,EC,explanation,control,2023-08-17T18:18:21.167Z,13,2.0,b,2.0,chatbot-interaction-task-v20230817b,prediction,EC,explanation,control,666,easy
21,21.0,prediction,EC,explanation,control,2023-08-17T18:18:24.029Z,14,2.0,a,3.0,chatbot-interaction-task-v20230817b,prediction,EC,explanation,control,1841,easy
21,21.0,prediction,EC,explanation,control,2023-08-17T18:18:32.226Z,15,3.0,a,1.0,chatbot-interaction-task-v20230817b,prediction,EC,explanation,control,7046,easy
21,21.0,prediction,EC,explanation,control,2023-08-17T18:18:42.216Z,16,1.0,a,0.0,chatbot-interaction-task-v20230817b,prediction,EC,explanation,control,8958,easy
21,21.0,prediction,EC,explanation,control,2023-08-17T18:18:48.654Z,17,0.0,b,2.0,chatbot-interaction-task-v20230817b,prediction,EC,explanation,control,5409,easy
15,21.0,prediction,EC,explanation,control,2023-08-17T18:17:13.778Z,2,0.0,b,2.0,chatbot-interaction-task-v20230817b,prediction,EC,explanation,control,3226,easy
15,21.0,prediction,EC,explanation,control,2023-08-17T18:17:19.744Z,3,2.0,a,3.0,chatbot-interaction-task-v20230817b,prediction,EC,explanation,control,4750,easy
15,21.0,prediction,EC,explanation,control,2023-08-17T18:17:23.512Z,4,3.0,b,3.0,chatbot-interaction-task-v20230817b,prediction,EC,explanation,control,2585,easy
15,21.0,prediction,EC,explanation,control,2023-08-17T18:17:27.494Z,5,3.0,b,3.0,chatbot-interaction-task-v20230817b,prediction,EC,explanation,control,2940,easy
15,21.0,prediction,EC,explanation,control,2023-08-17T18:17:29.828Z,6,3.0,b,3.0,chatbot-interaction-task-v20230817b,prediction,EC,explanation,control,1291,easy
15,21.0,prediction,EC,explanation,control,2023-08-17T18:17:31.842Z,7,3.0,a,1.0,chatbot-interaction-task-v20230817b,prediction,EC,explanation,control,992,easy
15,21.0,prediction,EC,explanation,control,2023-08-17T18:17:34.727Z,8,1.0,b,0.0,chatbot-interaction-task-v20230817b,prediction,EC,explanation,control,1722,easy
15,21.0,prediction,EC,explanation,control,2023-08-17T18:17:38.495Z,9,0.0,b,2.0,chatbot-interaction-task-v20230817b,prediction,EC,explanation,control,2735,easy
15,21.0,prediction,EC,explanation,control,2023-08-17T18:17:40.710Z,10,2.0,b,2.0,chatbot-interaction-task-v20230817b,prediction,EC,explanation,control,1173,easy
15,21.0,prediction,EC,explanation,control,2023-08-17T18:17:46.544Z,11,2.0,a,0.0,chatbot-interaction-task-v20230817b,prediction,EC,explanation,control,4799,easy
15,21.0,prediction,EC,explanation,control,2023-08-17T18:17:48.428Z,12,0.0,a,2.0,chatbot-interaction-task-v20230817b,prediction,EC,explanation,control,854,easy
15,21.0,prediction,EC,explanation,control,2023-08-17T18:17:56.410Z,13,2.0,a,3.0,chatbot-interaction-task-v20230817b,prediction,EC,explanation,control,6947,easy
15,21.0,prediction,EC,explanation,control,2023-08-17T18:17:59.060Z,14,3.0,a,1.0,chatbot-interaction-task-v20230817b,prediction,EC,explanation,control,1618,easy
15,21.0,prediction,EC,explanation,control,2023-08-17T18:18:01.109Z,15,1.0,b,0.0,chatbot-interaction-task-v20230817b,prediction,EC,explanation,control,1018,easy
15,21.0,prediction,EC,explanation,control,2023-08-17T18:18:03.492Z,16,0.0,b,2.0,chatbot-interaction-task-v20230817b,prediction,EC,explanation,control,1344,easy
15,21.0,prediction,EC,explanation,control,2023-08-17T18:18:05.794Z,17,2.0,b,2.0,chatbot-interaction-task-v20230817b,prediction,EC,explanation,control,1281,easy
13,21.0,explanation,PC,prediction,control,2023-08-17T18:18:29.865Z,2,3.0,b,3.0,chatbot-interaction-task-v20230817b,explanation,PC,prediction,control,2215,easy
13,21.0,explanation,PC,prediction,control,2023-08-17T18:18:32.703Z,3,3.0,b,3.0,chatbot-interaction-task-v20230817b,explanation,PC,prediction,control,1791,easy
13,21.0,explanation,PC,prediction,control,2023-08-17T18:18:35.328Z,4,3.0,a,1.0,chatbot-interaction-task-v20230817b,explanation,PC,prediction,control,1588,easy
13,21.0,explanation,PC,prediction,control,2023-08-17T18:18:38.120Z,5,1.0,a,0.0,chatbot-interaction-task-v20230817b,explanation,PC,prediction,control,1583,easy
13,21.0,explanation,PC,prediction,control,2023-08-17T18:18:40.958Z,6,0.0,a,2.0,chatbot-interaction-task-v20230817b,explanation,PC,prediction,control,1652,easy
13,21.0,explanation,PC,prediction,control,2023-08-17T18:18:43.634Z,7,2.0,b,2.0,chatbot-interaction-task-v20230817b,explanation,PC,prediction,control,1481,easy
13,21.0,explanation,PC,prediction,control,2023-08-17T18:18:47.828Z,8,2.0,b,2.0,chatbot-interaction-task-v20230817b,explanation,PC,prediction,control,3158,easy
13,21.0,explanation,PC,prediction,control,2023-08-17T18:18:49.733Z,9,2.0,b,2.0,chatbot-interaction-task-v20230817b,explanation,PC,prediction,control,875,easy
13,21.0,explanation,PC,prediction,control,2023-08-17T18:18:52.442Z,10,2.0,b,2.0,chatbot-interaction-task-v20230817b,explanation,PC,prediction,control,1680,easy
13,21.0,explanation,PC,prediction,control,2023-08-17T18:18:54.780Z,11,2.0,a,3.0,chatbot-interaction-task-v20230817b,explanation,PC,prediction,control,1317,easy
13,21.0,explanation,PC,prediction,control,2023-08-17T18:18:58.040Z,12,3.0,b,3.0,chatbot-interaction-task-v20230817b,explanation,PC,prediction,control,2223,easy
13,21.0,explanation,PC,prediction,control,2023-08-17T18:19:00.244Z,13,3.0,b,3.0,chatbot-interaction-task-v20230817b,explanation,PC,prediction,control,1187,easy
13,21.0,explanation,PC,prediction,control,2023-08-17T18:19:02.433Z,14,3.0,a,1.0,chatbot-interaction-task-v20230817b,explanation,PC,prediction,control,1166,easy
13,21.0,explanation,PC,prediction,control,2023-08-17T18:19:07.415Z,15,1.0,b,0.0,chatbot-interaction-task-v20230817b,explanation,PC,prediction,control,3957,easy
13,21.0,explanation,PC,prediction,control,2023-08-17T18:19:12.044Z,16,0.0,a,2.0,chatbot-interaction-task-v20230817b,explanation,PC,prediction,control,3603,easy
13,21.0,explanation,PC,prediction,control,2023-08-17T18:19:13.815Z,17,2.0,a,0.0,chatbot-interaction-task-v20230817b,explanation,PC,prediction,control,725,easy
14,21.0,control,EP,explanation,prediction,2023-08-17T18:18:55.761Z,2,2.0,b,2.0,chatbot-interaction-task-v20230817b,control,EP,explanation,prediction,2101,easy
14,21.0,control,EP,explanation,prediction,2023-08-17T18:18:57.561Z,3,2.0,b,2.0,chatbot-interaction-task-v20230817b,control,EP,explanation,prediction,763,easy
14,21.0,control,EP,explanation,prediction,2023-08-17T18:18:59.928Z,4,2.0,b,2.0,chatbot-interaction-task-v20230817b,control,EP,explanation,prediction,1355,easy
14,21.0,control,EP,explanation,prediction,2023-08-17T18:19:01.978Z,5,2.0,b,2.0,chatbot-interaction-task-v20230817b,control,EP,explanation,prediction,1028,easy
14,21.0,control,EP,explanation,prediction,2023-08-17T18:19:03.628Z,6,2.0,a,3.0,chatbot-interaction-task-v20230817b,control,EP,explanation,prediction,634,easy
14,21.0,control,EP,explanation,prediction,2023-08-17T18:19:06.078Z,7,3.0,b,3.0,chatbot-interaction-task-v20230817b,control,EP,explanation,prediction,1299,easy
14,21.0,control,EP,explanation,prediction,2023-08-17T18:19:09.194Z,8,3.0,b,3.0,chatbot-interaction-task-v20230817b,control,EP,explanation,prediction,2102,easy
14,21.0,control,EP,explanation,prediction,2023-08-17T18:19:10.995Z,9,3.0,b,3.0,chatbot-interaction-task-v20230817b,control,EP,explanation,prediction,778,easy
14,21.0,control,EP,explanation,prediction,2023-08-17T18:19:12.894Z,10,3.0,b,3.0,chatbot-interaction-task-v20230817b,control,EP,explanation,prediction,882,easy
14,21.0,control,EP,explanation,prediction,2023-08-17T18:19:14.856Z,11,3.0,b,3.0,chatbot-interaction-task-v20230817b,control,EP,explanation,prediction,926,easy
14,21.0,control,EP,explanation,prediction,2023-08-17T18:19:16.295Z,12,3.0,a,1.0,chatbot-interaction-task-v20230817b,control,EP,explanation,prediction,432,easy
14,21.0,control,EP,explanation,prediction,2023-08-17T18:19:18.161Z,13,1.0,b,0.0,chatbot-interaction-task-v20230817b,control,EP,explanation,prediction,720,easy
14,21.0,control,EP,explanation,prediction,2023-08-17T18:19:21.011Z,14,0.0,b,2.0,chatbot-interaction-task-v20230817b,control,EP,explanation,prediction,1694,easy
14,21.0,control,EP,explanation,prediction,2023-08-17T18:19:23.295Z,15,2.0,b,2.0,chatbot-interaction-task-v20230817b,control,EP,explanation,prediction,1273,easy
14,21.0,control,EP,explanation,prediction,2023-08-17T18:19:25.161Z,16,2.0,a,0.0,chatbot-interaction-task-v20230817b,control,EP,explanation,prediction,846,easy
14,21.0,control,EP,explanation,prediction,2023-08-17T18:19:28.944Z,17,0.0,a,2.0,chatbot-interaction-task-v20230817b,control,EP,explanation,prediction,2771,easy
17,21.0,control,PE,prediction,explanation,2023-08-17T18:18:59.282Z,2,2.0,a,0.0,chatbot-interaction-task-v20230817b,control,PE,prediction,explanation,3747,easy
17,21.0,control,PE,prediction,explanation,2023-08-17T18:19:02.218Z,3,0.0,a,2.0,chatbot-interaction-task-v20230817b,control,PE,prediction,explanation,1708,easy
17,21.0,control,PE,prediction,explanation,2023-08-17T18:19:04.918Z,4,2.0,b,2.0,chatbot-interaction-task-v20230817b,control,PE,prediction,explanation,1675,easy
17,21.0,control,PE,prediction,explanation,2023-08-17T18:19:07.338Z,5,2.0,b,2.0,chatbot-interaction-task-v20230817b,control,PE,prediction,explanation,1393,easy
17,21.0,control,PE,prediction,explanation,2023-08-17T18:19:09.156Z,6,2.0,a,0.0,chatbot-interaction-task-v20230817b,control,PE,prediction,explanation,796,easy
17,21.0,control,PE,prediction,explanation,2023-08-17T18:19:11.009Z,7,0.0,b,2.0,chatbot-interaction-task-v20230817b,control,PE,prediction,explanation,821,easy
17,21.0,control,PE,prediction,explanation,2023-08-17T18:19:13.060Z,8,2.0,b,2.0,chatbot-interaction-task-v20230817b,control,PE,prediction,explanation,1016,easy
17,21.0,control,PE,prediction,explanation,2023-08-17T18:19:14.810Z,9,2.0,b,2.0,chatbot-interaction-task-v20230817b,control,PE,prediction,explanation,731,easy
17,21.0,control,PE,prediction,explanation,2023-08-17T18:19:16.344Z,10,2.0,a,3.0,chatbot-interaction-task-v20230817b,control,PE,prediction,explanation,509,easy
17,21.0,control,PE,prediction,explanation,2023-08-17T18:19:19.933Z,11,3.0,a,1.0,chatbot-interaction-task-v20230817b,control,PE,prediction,explanation,2363,easy
17,21.0,control,PE,prediction,explanation,2023-08-17T18:19:23.384Z,12,1.0,a,0.0,chatbot-interaction-task-v20230817b,control,PE,prediction,explanation,2230,easy
17,21.0,control,PE,prediction,explanation,2023-08-17T18:19:25.621Z,13,0.0,b,2.0,chatbot-interaction-task-v20230817b,control,PE,prediction,explanation,1189,easy
17,21.0,control,PE,prediction,explanation,2023-08-17T18:19:27.289Z,14,2.0,a,3.0,chatbot-interaction-task-v20230817b,control,PE,prediction,explanation,641,easy
17,21.0,control,PE,prediction,explanation,2023-08-17T18:19:29.174Z,15,3.0,a,0.0,chatbot-interaction-task-v20230817b,control,PE,prediction,explanation,856,easy
17,21.0,control,PE,prediction,explanation,2023-08-17T18:19:30.942Z,16,0.0,a,2.0,chatbot-interaction-task-v20230817b,control,PE,prediction,explanation,738,easy
17,21.0,control,PE,prediction,explanation,2023-08-17T18:19:33.050Z,17,2.0,a,0.0,chatbot-interaction-task-v20230817b,control,PE,prediction,explanation,1063,easy
16,21.0,prediction,CE,control,explanation,2023-08-17T18:20:20.994Z,2,0.0,b,2.0,chatbot-interaction-task-v20230817b,prediction,CE,control,explanation,7276,easy
16,21.0,prediction,CE,control,explanation,2023-08-17T18:20:26.836Z,3,2.0,b,2.0,chatbot-interaction-task-v20230817b,prediction,CE,control,explanation,4667,easy
16,21.0,prediction,CE,control,explanation,2023-08-17T18:20:30.242Z,4,2.0,a,3.0,chatbot-interaction-task-v20230817b,prediction,CE,control,explanation,2395,easy
16,21.0,prediction,CE,control,explanation,2023-08-17T18:20:33.973Z,5,3.0,a,1.0,chatbot-interaction-task-v20230817b,prediction,CE,control,explanation,2577,easy
16,21.0,prediction,CE,control,explanation,2023-08-17T18:20:36.935Z,6,1.0,a,0.0,chatbot-interaction-task-v20230817b,prediction,CE,control,explanation,1805,easy
16,21.0,prediction,CE,control,explanation,2023-08-17T18:20:42.339Z,7,0.0,b,2.0,chatbot-interaction-task-v20230817b,prediction,CE,control,explanation,4395,easy
16,21.0,prediction,CE,control,explanation,2023-08-17T18:20:44.933Z,8,2.0,b,2.0,chatbot-interaction-task-v20230817b,prediction,CE,control,explanation,1582,easy
16,21.0,prediction,CE,control,explanation,2023-08-17T18:20:51.330Z,9,2.0,a,0.0,chatbot-interaction-task-v20230817b,prediction,CE,control,explanation,5384,easy
16,21.0,prediction,CE,control,explanation,2023-08-17T18:20:54.215Z,10,0.0,b,2.0,chatbot-interaction-task-v20230817b,prediction,CE,control,explanation,1867,easy
16,21.0,prediction,CE,control,explanation,2023-08-17T18:20:58.863Z,11,2.0,a,0.0,chatbot-interaction-task-v20230817b,prediction,CE,control,explanation,3639,easy
16,21.0,prediction,CE,control,explanation,2023-08-17T18:21:01.542Z,12,0.0,b,2.0,chatbot-interaction-task-v20230817b,prediction,CE,control,explanation,1669,easy
16,21.0,prediction,CE,control,explanation,2023-08-17T18:21:04.968Z,13,2.0,b,2.0,chatbot-interaction-task-v20230817b,prediction,CE,control,explanation,2416,easy
16,21.0,prediction,CE,control,explanation,2023-08-17T18:21:09.041Z,14,2.0,a,0.0,chatbot-interaction-task-v20230817b,prediction,CE,control,explanation,3061,easy
16,21.0,prediction,CE,control,explanation,2023-08-17T18:21:12.015Z,15,0.0,b,2.0,chatbot-interaction-task-v20230817b,prediction,CE,control,explanation,1943,easy
16,21.0,prediction,CE,control,explanation,2023-08-17T18:21:15.360Z,16,2.0,b,2.0,chatbot-interaction-task-v20230817b,prediction,CE,control,explanation,2341,easy
16,21.0,prediction,CE,control,explanation,2023-08-17T18:21:18.178Z,17,2.0,b,2.0,chatbot-interaction-task-v20230817b,prediction,CE,control,explanation,1808,easy
26,21.0,explanation,CP,control,prediction,2023-08-17T18:23:53.915Z,2,1.0,b,0.0,chatbot-interaction-task-v20230817b,explanation,CP,control,prediction,4757,easy
26,21.0,explanation,CP,control,prediction,2023-08-17T18:24:11.458Z,3,0.0,b,2.0,chatbot-interaction-task-v20230817b,explanation,CP,control,prediction,16355,easy
26,21.0,explanation,CP,control,prediction,2023-08-17T18:24:15.748Z,4,2.0,b,2.0,chatbot-interaction-task-v20230817b,explanation,CP,control,prediction,3118,easy
26,21.0,explanation,CP,control,prediction,2023-08-17T18:24:19.489Z,5,2.0,b,2.0,chatbot-interaction-task-v20230817b,explanation,CP,control,prediction,2715,easy
26,21.0,explanation,CP,control,prediction,2023-08-17T18:24:21.905Z,6,2.0,b,2.0,chatbot-interaction-task-v20230817b,explanation,CP,control,prediction,1399,easy
26,21.0,explanation,CP,control,prediction,2023-08-17T18:24:24.390Z,7,2.0,a,0.0,chatbot-interaction-task-v20230817b,explanation,CP,control,prediction,1459,easy
26,21.0,explanation,CP,control,prediction,2023-08-17T18:24:28.455Z,8,0.0,a,2.0,chatbot-interaction-task-v20230817b,explanation,CP,control,prediction,3055,easy
26,21.0,explanation,CP,control,prediction,2023-08-17T18:24:30.706Z,9,2.0,b,2.0,chatbot-interaction-task-v20230817b,explanation,CP,control,prediction,1232,easy
26,21.0,explanation,CP,control,prediction,2023-08-17T18:24:33.589Z,10,2.0,a,0.0,chatbot-interaction-task-v20230817b,explanation,CP,control,prediction,1861,easy
26,21.0,explanation,CP,control,prediction,2023-08-17T18:24:35.905Z,11,0.0,a,2.0,chatbot-interaction-task-v20230817b,explanation,CP,control,prediction,1297,easy
26,21.0,explanation,CP,control,prediction,2023-08-17T18:24:38.146Z,12,2.0,a,3.0,chatbot-interaction-task-v20230817b,explanation,CP,control,prediction,1220,easy
26,21.0,explanation,CP,control,prediction,2023-08-17T18:24:41.505Z,13,3.0,b,3.0,chatbot-interaction-task-v20230817b,explanation,CP,control,prediction,2191,easy
26,21.0,explanation,CP,control,prediction,2023-08-17T18:24:43.646Z,14,3.0,b,3.0,chatbot-interaction-task-v20230817b,explanation,CP,control,prediction,1120,easy
26,21.0,explanation,CP,control,prediction,2023-08-17T18:24:45.938Z,15,3.0,b,3.0,chatbot-interaction-task-v20230817b,explanation,CP,control,prediction,1274,easy
26,21.0,explanation,CP,control,prediction,2023-08-17T18:24:47.838Z,16,3.0,b,3.0,chatbot-interaction-task-v20230817b,explanation,CP,control,prediction,876,easy
26,21.0,explanation,CP,control,prediction,2023-08-17T18:24:49.663Z,17,3.0,b,3.0,chatbot-interaction-task-v20230817b,explanation,CP,control,prediction,803,easy
19,21.0,explanation,CP,control,prediction,2023-08-17T18:22:09.961Z,2,2.0,a,3.0,chatbot-interaction-task-v20230817b,explanation,CP,control,prediction,3325,easy
19,21.0,explanation,CP,control,prediction,2023-08-17T18:22:13.661Z,3,3.0,b,3.0,chatbot-interaction-task-v20230817b,explanation,CP,control,prediction,2473,easy
19,21.0,explanation,CP,control,prediction,2023-08-17T18:22:17.411Z,4,3.0,b,3.0,chatbot-interaction-task-v20230817b,explanation,CP,control,prediction,2716,easy
19,21.0,explanation,CP,control,prediction,2023-08-17T18:22:19.711Z,5,3.0,a,1.0,chatbot-interaction-task-v20230817b,explanation,CP,control,prediction,1284,easy
19,21.0,explanation,CP,control,prediction,2023-08-17T18:22:22.627Z,6,1.0,a,0.0,chatbot-interaction-task-v20230817b,explanation,CP,control,prediction,1732,easy
19,21.0,explanation,CP,control,prediction,2023-08-17T18:22:25.760Z,7,0.0,a,2.0,chatbot-interaction-task-v20230817b,explanation,CP,control,prediction,1938,easy
19,21.0,explanation,CP,control,prediction,2023-08-17T18:22:28.477Z,8,2.0,a,0.0,chatbot-interaction-task-v20230817b,explanation,CP,control,prediction,1691,easy
19,21.0,explanation,CP,control,prediction,2023-08-17T18:22:31.310Z,9,0.0,b,2.0,chatbot-interaction-task-v20230817b,explanation,CP,control,prediction,1807,easy
19,21.0,explanation,CP,control,prediction,2023-08-17T18:22:34.210Z,10,2.0,b,2.0,chatbot-interaction-task-v20230817b,explanation,CP,control,prediction,1877,easy
19,21.0,explanation,CP,control,prediction,2023-08-17T18:22:39.926Z,11,2.0,a,0.0,chatbot-interaction-task-v20230817b,explanation,CP,control,prediction,4694,easy
19,21.0,explanation,CP,control,prediction,2023-08-17T18:22:42.909Z,12,0.0,b,2.0,chatbot-interaction-task-v20230817b,explanation,CP,control,prediction,1955,easy
19,21.0,explanation,CP,control,prediction,2023-08-17T18:22:45.576Z,13,2.0,a,3.0,chatbot-interaction-task-v20230817b,explanation,CP,control,prediction,1640,easy
19,21.0,explanation,CP,control,prediction,2023-08-17T18:22:47.692Z,14,3.0,b,3.0,chatbot-interaction-task-v20230817b,explanation,CP,control,prediction,1098,easy
19,21.0,explanation,CP,control,prediction,2023-08-17T18:22:49.458Z,15,3.0,b,3.0,chatbot-interaction-task-v20230817b,explanation,CP,control,prediction,741,easy
19,21.0,explanation,CP,control,prediction,2023-08-17T18:22:51.127Z,16,3.0,b,3.0,chatbot-interaction-task-v20230817b,explanation,CP,control,prediction,635,easy
19,21.0,explanation,CP,control,prediction,2023-08-17T18:22:52.858Z,17,3.0,b,3.0,chatbot-interaction-task-v20230817b,explanation,CP,control,prediction,708,easy
27,21.0,explanation,CP,control,prediction,2023-08-17T18:36:17.517Z,2,0.0,b,2.0,chatbot-interaction-task-v20230817b,explanation,CP,control,prediction,3443,easy
27,21.0,explanation,CP,control,prediction,2023-08-17T18:36:23.417Z,3,2.0,b,2.0,chatbot-interaction-task-v20230817b,explanation,CP,control,prediction,4684,easy
27,21.0,explanation,CP,control,prediction,2023-08-17T18:36:26.250Z,4,2.0,a,3.0,chatbot-interaction-task-v20230817b,explanation,CP,control,prediction,1771,easy
27,21.0,explanation,CP,control,prediction,2023-08-17T18:36:32.283Z,5,3.0,b,3.0,chatbot-interaction-task-v20230817b,explanation,CP,control,prediction,4843,easy
27,21.0,explanation,CP,control,prediction,2023-08-17T18:36:41.315Z,6,3.0,b,3.0,chatbot-interaction-task-v20230817b,explanation,CP,control,prediction,7971,easy
27,21.0,explanation,CP,control,prediction,2023-08-17T18:36:43.716Z,7,3.0,a,0.0,chatbot-interaction-task-v20230817b,explanation,CP,control,prediction,1359,easy
27,21.0,explanation,CP,control,prediction,2023-08-17T18:36:52.416Z,8,0.0,a,2.0,chatbot-interaction-task-v20230817b,explanation,CP,control,prediction,7639,easy
27,21.0,explanation,CP,control,prediction,2023-08-17T18:36:55.815Z,9,2.0,b,2.0,chatbot-interaction-task-v20230817b,explanation,CP,control,prediction,2332,easy
27,21.0,explanation,CP,control,prediction,2023-08-17T18:36:58.447Z,10,2.0,a,0.0,chatbot-interaction-task-v20230817b,explanation,CP,control,prediction,1592,easy
27,21.0,explanation,CP,control,prediction,2023-08-17T18:37:04.181Z,11,0.0,a,2.0,chatbot-interaction-task-v20230817b,explanation,CP,control,prediction,4693,easy
27,21.0,explanation,CP,control,prediction,2023-08-17T18:37:06.731Z,12,2.0,a,0.0,chatbot-interaction-task-v20230817b,explanation,CP,control,prediction,1514,easy
27,21.0,explanation,CP,control,prediction,2023-08-17T18:37:11.781Z,13,0.0,b,2.0,chatbot-interaction-task-v20230817b,explanation,CP,control,prediction,3987,easy
27,21.0,explanation,CP,control,prediction,2023-08-17T18:37:17.696Z,14,2.0,a,3.0,chatbot-interaction-task-v20230817b,explanation,CP,control,prediction,4880,easy
27,21.0,explanation,CP,control,prediction,2023-08-17T18:37:22.997Z,15,3.0,b,3.0,chatbot-interaction-task-v20230817b,explanation,CP,control,prediction,4275,easy
27,21.0,explanation,CP,control,prediction,2023-08-17T18:37:25.364Z,16,3.0,a,1.0,chatbot-interaction-task-v20230817b,explanation,CP,control,prediction,1299,easy
27,21.0,explanation,CP,control,prediction,2023-08-17T18:37:31.330Z,17,1.0,a,0.0,chatbot-interaction-task-v20230817b,explanation,CP,control,prediction,4778,easy
18,21.0,control,EP,explanation,prediction,2023-08-17T18:24:20.984Z,2,3.0,a,0.0,chatbot-interaction-task-v20230817b,control,EP,explanation,prediction,1687,easy
18,21.0,control,EP,explanation,prediction,2023-08-17T18:24:24.334Z,3,0.0,a,2.0,chatbot-interaction-task-v20230817b,control,EP,explanation,prediction,2354,easy
18,21.0,control,EP,explanation,prediction,2023-08-17T18:24:27.584Z,4,2.0,a,0.0,chatbot-interaction-task-v20230817b,control,EP,explanation,prediction,2254,easy
18,21.0,control,EP,explanation,prediction,2023-08-17T18:24:30.618Z,5,0.0,a,2.0,chatbot-interaction-task-v20230817b,control,EP,explanation,prediction,2054,easy
18,21.0,control,EP,explanation,prediction,2023-08-17T18:24:32.753Z,6,2.0,a,0.0,chatbot-interaction-task-v20230817b,control,EP,explanation,prediction,1155,easy
18,21.0,control,EP,explanation,prediction,2023-08-17T18:24:34.685Z,7,0.0,a,2.0,chatbot-interaction-task-v20230817b,control,EP,explanation,prediction,955,easy
18,21.0,control,EP,explanation,prediction,2023-08-17T18:24:37.951Z,8,2.0,b,2.0,chatbot-interaction-task-v20230817b,control,EP,explanation,prediction,2288,easy
18,21.0,control,EP,explanation,prediction,2023-08-17T18:24:40.134Z,9,2.0,b,2.0,chatbot-interaction-task-v20230817b,control,EP,explanation,prediction,1205,easy
18,21.0,control,EP,explanation,prediction,2023-08-17T18:24:42.083Z,10,2.0,b,2.0,chatbot-interaction-task-v20230817b,control,EP,explanation,prediction,971,easy
18,21.0,control,EP,explanation,prediction,2023-08-17T18:24:43.967Z,11,2.0,b,2.0,chatbot-interaction-task-v20230817b,control,EP,explanation,prediction,905,easy
18,21.0,control,EP,explanation,prediction,2023-08-17T18:24:45.833Z,12,2.0,a,0.0,chatbot-interaction-task-v20230817b,control,EP,explanation,prediction,871,easy
18,21.0,control,EP,explanation,prediction,2023-08-17T18:24:47.434Z,13,0.0,b,2.0,chatbot-interaction-task-v20230817b,control,EP,explanation,prediction,622,easy
18,21.0,control,EP,explanation,prediction,2023-08-17T18:24:51.501Z,14,2.0,b,2.0,chatbot-interaction-task-v20230817b,control,EP,explanation,prediction,3089,easy
18,21.0,control,EP,explanation,prediction,2023-08-17T18:24:53.001Z,15,2.0,a,3.0,chatbot-interaction-task-v20230817b,control,EP,explanation,prediction,522,easy
18,21.0,control,EP,explanation,prediction,2023-08-17T18:24:55.017Z,16,3.0,b,3.0,chatbot-interaction-task-v20230817b,control,EP,explanation,prediction,1038,easy
18,21.0,control,EP,explanation,prediction,2023-08-17T18:24:56.900Z,17,3.0,b,3.0,chatbot-interaction-task-v20230817b,control,EP,explanation,prediction,905,easy
23,21.0,control,EP,explanation,prediction,2023-08-17T18:26:29.768Z,2,3.0,a,0.0,chatbot-interaction-task-v20230817b,control,EP,explanation,prediction,2863,easy
23,21.0,control,EP,explanation,prediction,2023-08-17T18:26:33.039Z,3,0.0,a,2.0,chatbot-interaction-task-v20230817b,control,EP,explanation,prediction,2023,easy
23,21.0,control,EP,explanation,prediction,2023-08-17T18:26:35.588Z,4,2.0,a,0.0,chatbot-interaction-task-v20230817b,control,EP,explanation,prediction,1340,easy
23,21.0,control,EP,explanation,prediction,2023-08-17T18:26:38.233Z,5,0.0,a,2.0,chatbot-interaction-task-v20230817b,control,EP,explanation,prediction,1619,easy
23,21.0,control,EP,explanation,prediction,2023-08-17T18:26:40.345Z,6,2.0,b,2.0,chatbot-interaction-task-v20230817b,control,EP,explanation,prediction,1083,easy
23,21.0,control,EP,explanation,prediction,2023-08-17T18:26:42.380Z,7,2.0,b,2.0,chatbot-interaction-task-v20230817b,control,EP,explanation,prediction,1019,easy
23,21.0,control,EP,explanation,prediction,2023-08-17T18:26:44.887Z,8,2.0,a,3.0,chatbot-interaction-task-v20230817b,control,EP,explanation,prediction,1484,easy
23,21.0,control,EP,explanation,prediction,2023-08-17T18:26:46.748Z,9,3.0,b,3.0,chatbot-interaction-task-v20230817b,control,EP,explanation,prediction,836,easy
23,21.0,control,EP,explanation,prediction,2023-08-17T18:26:48.692Z,10,3.0,b,3.0,chatbot-interaction-task-v20230817b,control,EP,explanation,prediction,928,easy
23,21.0,control,EP,explanation,prediction,2023-08-17T18:26:50.575Z,11,3.0,b,3.0,chatbot-interaction-task-v20230817b,control,EP,explanation,prediction,858,easy
23,21.0,control,EP,explanation,prediction,2023-08-17T18:26:52.380Z,12,3.0,a,1.0,chatbot-interaction-task-v20230817b,control,EP,explanation,prediction,789,easy
23,21.0,control,EP,explanation,prediction,2023-08-17T18:26:56.499Z,13,1.0,b,0.0,chatbot-interaction-task-v20230817b,control,EP,explanation,prediction,2907,easy
23,21.0,control,EP,explanation,prediction,2023-08-17T18:26:58.880Z,14,0.0,a,2.0,chatbot-interaction-task-v20230817b,control,EP,explanation,prediction,1365,easy
23,21.0,control,EP,explanation,prediction,2023-08-17T18:27:03.436Z,15,2.0,a,0.0,chatbot-interaction-task-v20230817b,control,EP,explanation,prediction,3530,easy
23,21.0,control,EP,explanation,prediction,2023-08-17T18:27:05.540Z,16,0.0,a,2.0,chatbot-interaction-task-v20230817b,control,EP,explanation,prediction,1084,easy
23,21.0,control,EP,explanation,prediction,2023-08-17T18:27:08.505Z,17,2.0,b,2.0,chatbot-interaction-task-v20230817b,control,EP,explanation,prediction,1949,easy
20,21.0,control,PE,prediction,explanation,2023-08-17T18:25:55.523Z,2,1.0,a,0.0,chatbot-interaction-task-v20230817b,control,PE,prediction,explanation,2906,easy
20,21.0,control,PE,prediction,explanation,2023-08-17T18:26:07.291Z,3,0.0,a,2.0,chatbot-interaction-task-v20230817b,control,PE,prediction,explanation,10626,easy
20,21.0,control,PE,prediction,explanation,2023-08-17T18:26:13.008Z,4,2.0,a,3.0,chatbot-interaction-task-v20230817b,control,PE,prediction,explanation,4612,easy
20,21.0,control,PE,prediction,explanation,2023-08-17T18:26:17.097Z,5,3.0,b,3.0,chatbot-interaction-task-v20230817b,control,PE,prediction,explanation,2966,easy
20,21.0,control,PE,prediction,explanation,2023-08-17T18:26:20.821Z,6,3.0,b,3.0,chatbot-interaction-task-v20230817b,control,PE,prediction,explanation,2716,easy
20,21.0,control,PE,prediction,explanation,2023-08-17T18:26:24.360Z,7,3.0,b,3.0,chatbot-interaction-task-v20230817b,control,PE,prediction,explanation,2524,easy
20,21.0,control,PE,prediction,explanation,2023-08-17T18:26:26.173Z,8,3.0,a,0.0,chatbot-interaction-task-v20230817b,control,PE,prediction,explanation,809,easy
20,21.0,control,PE,prediction,explanation,2023-08-17T18:26:32.024Z,9,0.0,a,2.0,chatbot-interaction-task-v20230817b,control,PE,prediction,explanation,4847,easy
20,21.0,control,PE,prediction,explanation,2023-08-17T18:26:33.984Z,10,2.0,b,2.0,chatbot-interaction-task-v20230817b,control,PE,prediction,explanation,948,easy
20,21.0,control,PE,prediction,explanation,2023-08-17T18:26:43.060Z,11,2.0,b,2.0,chatbot-interaction-task-v20230817b,control,PE,prediction,explanation,8072,easy
20,21.0,control,PE,prediction,explanation,2023-08-17T18:26:52.634Z,12,2.0,a,0.0,chatbot-interaction-task-v20230817b,control,PE,prediction,explanation,8558,easy
20,21.0,control,PE,prediction,explanation,2023-08-17T18:26:55.277Z,13,0.0,b,2.0,chatbot-interaction-task-v20230817b,control,PE,prediction,explanation,1636,easy
20,21.0,control,PE,prediction,explanation,2023-08-17T18:26:59.781Z,14,2.0,a,0.0,chatbot-interaction-task-v20230817b,control,PE,prediction,explanation,3491,easy
20,21.0,control,PE,prediction,explanation,2023-08-17T18:27:01.792Z,15,0.0,b,2.0,chatbot-interaction-task-v20230817b,control,PE,prediction,explanation,1010,easy
20,21.0,control,PE,prediction,explanation,2023-08-17T18:27:06.297Z,16,2.0,b,2.0,chatbot-interaction-task-v20230817b,control,PE,prediction,explanation,3493,easy
20,21.0,control,PE,prediction,explanation,2023-08-17T18:27:08.425Z,17,2.0,a,0.0,chatbot-interaction-task-v20230817b,control,PE,prediction,explanation,1125,easy
22,21.0,prediction,EC,explanation,control,2023-08-17T18:28:21.360Z,2,2.0,a,3.0,chatbot-interaction-task-v20230817b,prediction,EC,explanation,control,4297,easy
22,21.0,prediction,EC,explanation,control,2023-08-17T18:28:34.109Z,3,3.0,a,1.0,chatbot-interaction-task-v20230817b,prediction,EC,explanation,control,11485,easy
22,21.0,prediction,EC,explanation,control,2023-08-17T18:28:51.025Z,4,1.0,a,0.0,chatbot-interaction-task-v20230817b,prediction,EC,explanation,control,15670,easy
22,21.0,prediction,EC,explanation,control,2023-08-17T18:28:57.272Z,5,0.0,b,2.0,chatbot-interaction-task-v20230817b,prediction,EC,explanation,control,4991,easy
22,21.0,prediction,EC,explanation,control,2023-08-17T18:29:01.772Z,6,2.0,b,2.0,chatbot-interaction-task-v20230817b,prediction,EC,explanation,control,3444,easy
22,21.0,prediction,EC,explanation,control,2023-08-17T18:29:04.405Z,7,2.0,b,2.0,chatbot-interaction-task-v20230817b,prediction,EC,explanation,control,1603,easy
22,21.0,prediction,EC,explanation,control,2023-08-17T18:29:06.938Z,8,2.0,a,0.0,chatbot-interaction-task-v20230817b,prediction,EC,explanation,control,1523,easy
22,21.0,prediction,EC,explanation,control,2023-08-17T18:29:09.271Z,9,0.0,a,2.0,chatbot-interaction-task-v20230817b,prediction,EC,explanation,control,1281,easy
22,21.0,prediction,EC,explanation,control,2023-08-17T18:29:11.737Z,10,2.0,a,3.0,chatbot-interaction-task-v20230817b,prediction,EC,explanation,control,1455,easy
22,21.0,prediction,EC,explanation,control,2023-08-17T18:29:13.937Z,11,3.0,a,0.0,chatbot-interaction-task-v20230817b,prediction,EC,explanation,control,1180,easy
22,21.0,prediction,EC,explanation,control,2023-08-17T18:29:16.320Z,12,0.0,a,2.0,chatbot-interaction-task-v20230817b,prediction,EC,explanation,control,1333,easy
22,21.0,prediction,EC,explanation,control,2023-08-17T18:29:23.635Z,13,2.0,b,2.0,chatbot-interaction-task-v20230817b,prediction,EC,explanation,control,6288,easy
22,21.0,prediction,EC,explanation,control,2023-08-17T18:29:26.485Z,14,2.0,b,2.0,chatbot-interaction-task-v20230817b,prediction,EC,explanation,control,1815,easy
22,21.0,prediction,EC,explanation,control,2023-08-17T18:29:28.851Z,15,2.0,a,0.0,chatbot-interaction-task-v20230817b,prediction,EC,explanation,control,1340,easy
22,21.0,prediction,EC,explanation,control,2023-08-17T18:29:30.701Z,16,0.0,a,2.0,chatbot-interaction-task-v20230817b,prediction,EC,explanation,control,807,easy
22,21.0,prediction,EC,explanation,control,2023-08-17T18:29:32.785Z,17,2.0,a,0.0,chatbot-interaction-task-v20230817b,prediction,EC,explanation,control,1012,easy
24,21.0,control,EP,explanation,prediction,2023-08-17T18:33:13.767Z,2,3.0,b,3.0,chatbot-interaction-task-v20230817b,control,EP,explanation,prediction,2887,easy
24,21.0,control,EP,explanation,prediction,2023-08-17T18:33:17.000Z,3,3.0,a,1.0,chatbot-interaction-task-v20230817b,control,EP,explanation,prediction,2195,easy
24,21.0,control,EP,explanation,prediction,2023-08-17T18:33:19.535Z,4,1.0,a,0.0,chatbot-interaction-task-v20230817b,control,EP,explanation,prediction,1342,easy
24,21.0,control,EP,explanation,prediction,2023-08-17T18:33:22.268Z,5,0.0,a,2.0,chatbot-interaction-task-v20230817b,control,EP,explanation,prediction,1544,easy
24,21.0,control,EP,explanation,prediction,2023-08-17T18:33:24.951Z,6,2.0,a,0.0,chatbot-interaction-task-v20230817b,control,EP,explanation,prediction,1464,easy
24,21.0,control,EP,explanation,prediction,2023-08-17T18:33:27.801Z,7,0.0,b,2.0,chatbot-interaction-task-v20230817b,control,EP,explanation,prediction,1809,easy
24,21.0,control,EP,explanation,prediction,2023-08-17T18:33:31.234Z,8,2.0,b,2.0,chatbot-interaction-task-v20230817b,control,EP,explanation,prediction,2397,easy
24,21.0,control,EP,explanation,prediction,2023-08-17T18:33:33.035Z,9,2.0,b,2.0,chatbot-interaction-task-v20230817b,control,EP,explanation,prediction,775,easy
24,21.0,control,EP,explanation,prediction,2023-08-17T18:33:34.851Z,10,2.0,b,2.0,chatbot-interaction-task-v20230817b,control,EP,explanation,prediction,771,easy
24,21.0,control,EP,explanation,prediction,2023-08-17T18:33:36.585Z,11,2.0,a,0.0,chatbot-interaction-task-v20230817b,control,EP,explanation,prediction,687,easy
24,21.0,control,EP,explanation,prediction,2023-08-17T18:33:38.651Z,12,0.0,b,2.0,chatbot-interaction-task-v20230817b,control,EP,explanation,prediction,1033,easy
24,21.0,control,EP,explanation,prediction,2023-08-17T18:33:40.601Z,13,2.0,a,3.0,chatbot-interaction-task-v20230817b,control,EP,explanation,prediction,904,easy
24,21.0,control,EP,explanation,prediction,2023-08-17T18:33:42.185Z,14,3.0,a,0.0,chatbot-interaction-task-v20230817b,control,EP,explanation,prediction,548,easy
24,21.0,control,EP,explanation,prediction,2023-08-17T18:33:44.618Z,15,0.0,b,2.0,chatbot-interaction-task-v20230817b,control,EP,explanation,prediction,1402,easy
24,21.0,control,EP,explanation,prediction,2023-08-17T18:33:55.136Z,16,2.0,a,0.0,chatbot-interaction-task-v20230817b,control,EP,explanation,prediction,9468,easy
24,21.0,control,EP,explanation,prediction,2023-08-17T18:33:58.219Z,17,0.0,a,2.0,chatbot-interaction-task-v20230817b,control,EP,explanation,prediction,2045,easy
25,21.0,control,PE,prediction,explanation,2023-08-17T18:32:53.267Z,2,2.0,b,2.0,chatbot-interaction-task-v20230817b,control,PE,prediction,explanation,6008,easy
25,21.0,control,PE,prediction,explanation,2023-08-17T18:32:57.433Z,3,2.0,a,0.0,chatbot-interaction-task-v20230817b,control,PE,prediction,explanation,3144,easy
25,21.0,control,PE,prediction,explanation,2023-08-17T18:33:02.317Z,4,0.0,b,2.0,chatbot-interaction-task-v20230817b,control,PE,prediction,explanation,3745,easy
25,21.0,control,PE,prediction,explanation,2023-08-17T18:33:05.516Z,5,2.0,a,3.0,chatbot-interaction-task-v20230817b,control,PE,prediction,explanation,2156,easy
25,21.0,control,PE,prediction,explanation,2023-08-17T18:33:09.217Z,6,3.0,b,3.0,chatbot-interaction-task-v20230817b,control,PE,prediction,explanation,2571,easy
25,21.0,control,PE,prediction,explanation,2023-08-17T18:33:12.433Z,7,3.0,a,0.0,chatbot-interaction-task-v20230817b,control,PE,prediction,explanation,2178,easy
25,21.0,control,PE,prediction,explanation,2023-08-17T18:33:15.699Z,8,0.0,b,2.0,chatbot-interaction-task-v20230817b,control,PE,prediction,explanation,2227,easy
25,21.0,control,PE,prediction,explanation,2023-08-17T18:33:18.620Z,9,2.0,a,0.0,chatbot-interaction-task-v20230817b,control,PE,prediction,explanation,1882,easy
25,21.0,control,PE,prediction,explanation,2023-08-17T18:33:22.016Z,10,0.0,b,2.0,chatbot-interaction-task-v20230817b,control,PE,prediction,explanation,2358,easy
25,21.0,control,PE,prediction,explanation,2023-08-17T18:33:24.567Z,11,2.0,a,0.0,chatbot-interaction-task-v20230817b,control,PE,prediction,explanation,1503,easy
25,21.0,control,PE,prediction,explanation,2023-08-17T18:33:26.466Z,12,0.0,a,2.0,chatbot-interaction-task-v20230817b,control,PE,prediction,explanation,860,easy
25,21.0,control,PE,prediction,explanation,2023-08-17T18:33:28.635Z,13,2.0,a,3.0,chatbot-interaction-task-v20230817b,control,PE,prediction,explanation,1131,easy
25,21.0,control,PE,prediction,explanation,2023-08-17T18:33:31.050Z,14,3.0,a,1.0,chatbot-interaction-task-v20230817b,control,PE,prediction,explanation,1385,easy
25,21.0,control,PE,prediction,explanation,2023-08-17T18:33:36.317Z,15,1.0,a,0.0,chatbot-interaction-task-v20230817b,control,PE,prediction,explanation,4124,easy
25,21.0,control,PE,prediction,explanation,2023-08-17T18:33:40.033Z,16,0.0,b,2.0,chatbot-interaction-task-v20230817b,control,PE,prediction,explanation,2672,easy
25,21.0,control,PE,prediction,explanation,2023-08-17T18:33:42.716Z,17,2.0,a,0.0,chatbot-interaction-task-v20230817b,control,PE,prediction,explanation,1657,easy
28,21.0,control,PE,prediction,explanation,2023-08-17T18:41:06.194Z,2,3.0,b,3.0,chatbot-interaction-task-v20230817b,control,PE,prediction,explanation,3467,easy
28,21.0,control,PE,prediction,explanation,2023-08-17T18:41:09.310Z,3,3.0,b,3.0,chatbot-interaction-task-v20230817b,control,PE,prediction,explanation,2070,easy
28,21.0,control,PE,prediction,explanation,2023-08-17T18:41:11.994Z,4,3.0,a,0.0,chatbot-interaction-task-v20230817b,control,PE,prediction,explanation,1662,easy
28,21.0,control,PE,prediction,explanation,2023-08-17T18:41:15.927Z,5,0.0,a,2.0,chatbot-interaction-task-v20230817b,control,PE,prediction,explanation,2701,easy
28,21.0,control,PE,prediction,explanation,2023-08-17T18:41:21.460Z,6,2.0,a,3.0,chatbot-interaction-task-v20230817b,control,PE,prediction,explanation,4321,easy
28,21.0,control,PE,prediction,explanation,2023-08-17T18:41:25.143Z,7,3.0,a,0.0,chatbot-interaction-task-v20230817b,control,PE,prediction,explanation,2644,easy
28,21.0,control,PE,prediction,explanation,2023-08-17T18:41:32.076Z,8,0.0,b,2.0,chatbot-interaction-task-v20230817b,control,PE,prediction,explanation,5906,easy
28,21.0,control,PE,prediction,explanation,2023-08-17T18:41:36.793Z,9,2.0,b,2.0,chatbot-interaction-task-v20230817b,control,PE,prediction,explanation,3687,easy
28,21.0,control,PE,prediction,explanation,2023-08-17T18:41:39.210Z,10,2.0,b,2.0,chatbot-interaction-task-v20230817b,control,PE,prediction,explanation,1387,easy
28,21.0,control,PE,prediction,explanation,2023-08-17T18:41:42.110Z,11,2.0,a,0.0,chatbot-interaction-task-v20230817b,control,PE,prediction,explanation,1870,easy
28,21.0,control,PE,prediction,explanation,2023-08-17T18:41:45.060Z,12,0.0,b,2.0,chatbot-interaction-task-v20230817b,control,PE,prediction,explanation,1931,easy
28,21.0,control,PE,prediction,explanation,2023-08-17T18:41:49.343Z,13,2.0,a,3.0,chatbot-interaction-task-v20230817b,control,PE,prediction,explanation,3232,easy
28,21.0,control,PE,prediction,explanation,2023-08-17T18:41:51.825Z,14,3.0,b,3.0,chatbot-interaction-task-v20230817b,control,PE,prediction,explanation,1454,easy
28,21.0,control,PE,prediction,explanation,2023-08-17T18:41:55.642Z,15,3.0,b,3.0,chatbot-interaction-task-v20230817b,control,PE,prediction,explanation,2803,easy
28,21.0,control,PE,prediction,explanation,2023-08-17T18:41:57.854Z,16,3.0,b,3.0,chatbot-interaction-task-v20230817b,control,PE,prediction,explanation,1163,easy
28,21.0,control,PE,prediction,explanation,2023-08-17T18:42:00.176Z,17,3.0,a,1.0,chatbot-interaction-task-v20230817b,control,PE,prediction,explanation,1311,easy
30,21.0,control,PE,prediction,explanation,2023-08-17T18:42:16.150Z,2,1.0,b,0.0,chatbot-interaction-task-v20230817b,control,PE,prediction,explanation,5474,easy
30,21.0,control,PE,prediction,explanation,2023-08-17T18:42:21.815Z,3,0.0,a,2.0,chatbot-interaction-task-v20230817b,control,PE,prediction,explanation,4377,easy
30,21.0,control,PE,prediction,explanation,2023-08-17T18:42:26.581Z,4,2.0,b,2.0,chatbot-interaction-task-v20230817b,control,PE,prediction,explanation,3523,easy
30,21.0,control,PE,prediction,explanation,2023-08-17T18:42:31.529Z,5,2.0,a,0.0,chatbot-interaction-task-v20230817b,control,PE,prediction,explanation,3900,easy
30,21.0,control,PE,prediction,explanation,2023-08-17T18:42:34.797Z,6,0.0,a,2.0,chatbot-interaction-task-v20230817b,control,PE,prediction,explanation,2227,easy
30,21.0,control,PE,prediction,explanation,2023-08-17T18:42:38.500Z,7,2.0,b,2.0,chatbot-interaction-task-v20230817b,control,PE,prediction,explanation,2655,easy
30,21.0,control,PE,prediction,explanation,2023-08-17T18:42:41.176Z,8,2.0,b,2.0,chatbot-interaction-task-v20230817b,control,PE,prediction,explanation,1618,easy
30,21.0,control,PE,prediction,explanation,2023-08-17T18:42:45.309Z,9,2.0,a,3.0,chatbot-interaction-task-v20230817b,control,PE,prediction,explanation,3096,easy
30,21.0,control,PE,prediction,explanation,2023-08-17T18:42:50.408Z,10,3.0,b,3.0,chatbot-interaction-task-v20230817b,control,PE,prediction,explanation,3874,easy
30,21.0,control,PE,prediction,explanation,2023-08-17T18:42:53.757Z,11,3.0,a,0.0,chatbot-interaction-task-v20230817b,control,PE,prediction,explanation,2316,easy
30,21.0,control,PE,prediction,explanation,2023-08-17T18:42:56.723Z,12,0.0,a,2.0,chatbot-interaction-task-v20230817b,control,PE,prediction,explanation,1921,easy
30,21.0,control,PE,prediction,explanation,2023-08-17T18:42:59.373Z,13,2.0,b,2.0,chatbot-interaction-task-v20230817b,control,PE,prediction,explanation,1603,easy
30,21.0,control,PE,prediction,explanation,2023-08-17T18:43:03.223Z,14,2.0,b,2.0,chatbot-interaction-task-v20230817b,control,PE,prediction,explanation,2814,easy
30,21.0,control,PE,prediction,explanation,2023-08-17T18:43:06.221Z,15,2.0,a,0.0,chatbot-interaction-task-v20230817b,control,PE,prediction,explanation,1947,easy
30,21.0,control,PE,prediction,explanation,2023-08-17T18:43:08.387Z,16,0.0,a,2.0,chatbot-interaction-task-v20230817b,control,PE,prediction,explanation,1109,easy
30,21.0,control,PE,prediction,explanation,2023-08-17T18:43:10.303Z,17,2.0,b,2.0,chatbot-interaction-task-v20230817b,control,PE,prediction,explanation,878,easy
31,21.0,prediction,EC,explanation,control,2023-08-17T18:43:50.100Z,2,2.0,a,3.0,chatbot-interaction-task-v20230817b,prediction,EC,explanation,control,6810,easy
31,21.0,prediction,EC,explanation,control,2023-08-17T18:44:00.500Z,3,3.0,b,3.0,chatbot-interaction-task-v20230817b,prediction,EC,explanation,control,9171,easy
31,21.0,prediction,EC,explanation,control,2023-08-17T18:44:04.617Z,4,3.0,a,1.0,chatbot-interaction-task-v20230817b,prediction,EC,explanation,control,3090,easy
31,21.0,prediction,EC,explanation,control,2023-08-17T18:44:08.800Z,5,1.0,b,0.0,chatbot-interaction-task-v20230817b,prediction,EC,explanation,control,2975,easy
31,21.0,prediction,EC,explanation,control,2023-08-17T18:44:13.649Z,6,0.0,b,2.0,chatbot-interaction-task-v20230817b,prediction,EC,explanation,control,3672,easy
31,21.0,prediction,EC,explanation,control,2023-08-17T18:44:17.666Z,7,2.0,b,2.0,chatbot-interaction-task-v20230817b,prediction,EC,explanation,control,2963,easy
31,21.0,prediction,EC,explanation,control,2023-08-17T18:44:20.800Z,8,2.0,a,0.0,chatbot-interaction-task-v20230817b,prediction,EC,explanation,control,2074,easy
31,21.0,prediction,EC,explanation,control,2023-08-17T18:44:27.400Z,9,0.0,a,2.0,chatbot-interaction-task-v20230817b,prediction,EC,explanation,control,5541,easy
31,21.0,prediction,EC,explanation,control,2023-08-17T18:44:30.616Z,10,2.0,a,3.0,chatbot-interaction-task-v20230817b,prediction,EC,explanation,control,2158,easy
31,21.0,prediction,EC,explanation,control,2023-08-17T18:44:37.599Z,11,3.0,a,0.0,chatbot-interaction-task-v20230817b,prediction,EC,explanation,control,5933,easy
31,21.0,prediction,EC,explanation,control,2023-08-17T18:44:42.233Z,12,0.0,b,2.0,chatbot-interaction-task-v20230817b,prediction,EC,explanation,control,3556,easy
31,21.0,prediction,EC,explanation,control,2023-08-17T18:44:45.483Z,13,2.0,b,2.0,chatbot-interaction-task-v20230817b,prediction,EC,explanation,control,2188,easy
31,21.0,prediction,EC,explanation,control,2023-08-17T18:44:49.483Z,14,2.0,a,0.0,chatbot-interaction-task-v20230817b,prediction,EC,explanation,control,2946,easy
31,21.0,prediction,EC,explanation,control,2023-08-17T18:44:53.966Z,15,0.0,a,2.0,chatbot-interaction-task-v20230817b,prediction,EC,explanation,control,3434,easy
31,21.0,prediction,EC,explanation,control,2023-08-17T18:44:57.004Z,16,2.0,a,0.0,chatbot-interaction-task-v20230817b,prediction,EC,explanation,control,1951,easy
31,21.0,prediction,EC,explanation,control,2023-08-17T18:44:59.632Z,17,0.0,b,2.0,chatbot-interaction-task-v20230817b,prediction,EC,explanation,control,1589,easy
29,21.0,control,PE,prediction,explanation,2023-08-17T18:46:01.069Z,2,1.0,a,0.0,chatbot-interaction-task-v20230817b,control,PE,prediction,explanation,4134,easy
29,21.0,control,PE,prediction,explanation,2023-08-17T18:46:04.935Z,3,0.0,b,2.0,chatbot-interaction-task-v20230817b,control,PE,prediction,explanation,3001,easy
29,21.0,control,PE,prediction,explanation,2023-08-17T18:46:10.668Z,4,2.0,b,2.0,chatbot-interaction-task-v20230817b,control,PE,prediction,explanation,4867,easy
29,21.0,control,PE,prediction,explanation,2023-08-17T18:46:13.684Z,5,2.0,a,3.0,chatbot-interaction-task-v20230817b,control,PE,prediction,explanation,2151,easy
29,21.0,control,PE,prediction,explanation,2023-08-17T18:46:19.284Z,6,3.0,b,3.0,chatbot-interaction-task-v20230817b,control,PE,prediction,explanation,4735,easy
29,21.0,control,PE,prediction,explanation,2023-08-17T18:46:22.717Z,7,3.0,a,1.0,chatbot-interaction-task-v20230817b,control,PE,prediction,explanation,2568,easy
29,21.0,control,PE,prediction,explanation,2023-08-17T18:46:26.187Z,8,1.0,a,0.0,chatbot-interaction-task-v20230817b,control,PE,prediction,explanation,2617,easy
29,21.0,control,PE,prediction,explanation,2023-08-17T18:46:31.652Z,9,0.0,b,2.0,chatbot-interaction-task-v20230817b,control,PE,prediction,explanation,4602,easy
29,21.0,control,PE,prediction,explanation,2023-08-17T18:46:35.000Z,10,2.0,b,2.0,chatbot-interaction-task-v20230817b,control,PE,prediction,explanation,2501,easy
29,21.0,control,PE,prediction,explanation,2023-08-17T18:46:38.068Z,11,2.0,b,2.0,chatbot-interaction-task-v20230817b,control,PE,prediction,explanation,2218,easy
29,21.0,control,PE,prediction,explanation,2023-08-17T18:46:40.100Z,12,2.0,a,0.0,chatbot-interaction-task-v20230817b,control,PE,prediction,explanation,1168,easy
29,21.0,control,PE,prediction,explanation,2023-08-17T18:46:43.037Z,13,0.0,a,2.0,chatbot-interaction-task-v20230817b,control,PE,prediction,explanation,2068,easy
29,21.0,control,PE,prediction,explanation,2023-08-17T18:46:46.150Z,14,2.0,a,3.0,chatbot-interaction-task-v20230817b,control,PE,prediction,explanation,2251,easy
29,21.0,control,PE,prediction,explanation,2023-08-17T18:46:49.087Z,15,3.0,a,1.0,chatbot-interaction-task-v20230817b,control,PE,prediction,explanation,2085,easy
29,21.0,control,PE,prediction,explanation,2023-08-17T18:46:51.318Z,16,1.0,b,0.0,chatbot-interaction-task-v20230817b,control,PE,prediction,explanation,1384,easy
29,21.0,control,PE,prediction,explanation,2023-08-17T18:46:53.717Z,17,0.0,a,2.0,chatbot-interaction-task-v20230817b,control,PE,prediction,explanation,1535,easy
35,21.0,prediction,CE,control,explanation,2023-08-17T18:48:26.281Z,2,3.0,a,1.0,chatbot-interaction-task-v20230817b,prediction,CE,control,explanation,3792,easy
35,21.0,prediction,CE,control,explanation,2023-08-17T18:48:28.666Z,3,1.0,a,0.0,chatbot-interaction-task-v20230817b,prediction,CE,control,explanation,1193,easy
35,21.0,prediction,CE,control,explanation,2023-08-17T18:48:32.301Z,4,0.0,a,2.0,chatbot-interaction-task-v20230817b,prediction,CE,control,explanation,2062,easy
35,21.0,prediction,CE,control,explanation,2023-08-17T18:48:34.636Z,5,2.0,a,3.0,chatbot-interaction-task-v20230817b,prediction,CE,control,explanation,1165,easy
35,21.0,prediction,CE,control,explanation,2023-08-17T18:48:36.735Z,6,3.0,b,3.0,chatbot-interaction-task-v20230817b,prediction,CE,control,explanation,1056,easy
35,21.0,prediction,CE,control,explanation,2023-08-17T18:48:40.438Z,7,3.0,b,3.0,chatbot-interaction-task-v20230817b,prediction,CE,control,explanation,2655,easy
35,21.0,prediction,CE,control,explanation,2023-08-17T18:48:43.662Z,8,3.0,b,3.0,chatbot-interaction-task-v20230817b,prediction,CE,control,explanation,2164,easy
35,21.0,prediction,CE,control,explanation,2023-08-17T18:48:45.508Z,9,3.0,a,0.0,chatbot-interaction-task-v20230817b,prediction,CE,control,explanation,794,easy
35,21.0,prediction,CE,control,explanation,2023-08-17T18:48:49.778Z,10,0.0,a,2.0,chatbot-interaction-task-v20230817b,prediction,CE,control,explanation,3214,easy
35,21.0,prediction,CE,control,explanation,2023-08-17T18:48:51.758Z,11,2.0,a,0.0,chatbot-interaction-task-v20230817b,prediction,CE,control,explanation,926,easy
35,21.0,prediction,CE,control,explanation,2023-08-17T18:48:54.666Z,12,0.0,a,2.0,chatbot-interaction-task-v20230817b,prediction,CE,control,explanation,1857,easy
35,21.0,prediction,CE,control,explanation,2023-08-17T18:48:57.080Z,13,2.0,a,0.0,chatbot-interaction-task-v20230817b,prediction,CE,control,explanation,1367,easy
35,21.0,prediction,CE,control,explanation,2023-08-17T18:49:00.453Z,14,0.0,a,2.0,chatbot-interaction-task-v20230817b,prediction,CE,control,explanation,2312,easy
35,21.0,prediction,CE,control,explanation,2023-08-17T18:49:02.312Z,15,2.0,b,2.0,chatbot-interaction-task-v20230817b,prediction,CE,control,explanation,808,easy
35,21.0,prediction,CE,control,explanation,2023-08-17T18:49:06.016Z,16,2.0,b,2.0,chatbot-interaction-task-v20230817b,prediction,CE,control,explanation,2649,easy
35,21.0,prediction,CE,control,explanation,2023-08-17T18:49:08.981Z,17,2.0,b,2.0,chatbot-interaction-task-v20230817b,prediction,CE,control,explanation,1918,easy
34,21.0,control,EP,explanation,prediction,2023-08-17T18:53:39.084Z,2,1.0,a,0.0,chatbot-interaction-task-v20230817b,control,EP,explanation,prediction,4678,easy
34,21.0,control,EP,explanation,prediction,2023-08-17T18:53:43.970Z,3,0.0,b,2.0,chatbot-interaction-task-v20230817b,control,EP,explanation,prediction,2974,easy
34,21.0,control,EP,explanation,prediction,2023-08-17T18:53:49.925Z,4,2.0,b,2.0,chatbot-interaction-task-v20230817b,control,EP,explanation,prediction,2266,easy
34,21.0,control,EP,explanation,prediction,2023-08-17T18:53:54.976Z,5,2.0,a,0.0,chatbot-interaction-task-v20230817b,control,EP,explanation,prediction,3939,easy
34,21.0,control,EP,explanation,prediction,2023-08-17T18:53:57.267Z,6,0.0,a,2.0,chatbot-interaction-task-v20230817b,control,EP,explanation,prediction,1162,easy
34,21.0,control,EP,explanation,prediction,2023-08-17T18:53:58.910Z,7,2.0,b,2.0,chatbot-interaction-task-v20230817b,control,EP,explanation,prediction,563,easy
34,21.0,control,EP,explanation,prediction,2023-08-17T18:54:01.061Z,8,2.0,a,0.0,chatbot-interaction-task-v20230817b,control,EP,explanation,prediction,1085,easy
34,21.0,control,EP,explanation,prediction,2023-08-17T18:54:02.612Z,9,0.0,b,2.0,chatbot-interaction-task-v20230817b,control,EP,explanation,prediction,456,easy
34,21.0,control,EP,explanation,prediction,2023-08-17T18:54:04.932Z,10,2.0,b,2.0,chatbot-interaction-task-v20230817b,control,EP,explanation,prediction,1215,easy
34,21.0,control,EP,explanation,prediction,2023-08-17T18:54:06.635Z,11,2.0,a,0.0,chatbot-interaction-task-v20230817b,control,EP,explanation,prediction,611,easy
34,21.0,control,EP,explanation,prediction,2023-08-17T18:54:08.383Z,12,0.0,a,2.0,chatbot-interaction-task-v20230817b,control,EP,explanation,prediction,659,easy
34,21.0,control,EP,explanation,prediction,2023-08-17T18:54:10.083Z,13,2.0,a,3.0,chatbot-interaction-task-v20230817b,control,EP,explanation,prediction,616,easy
34,21.0,control,EP,explanation,prediction,2023-08-17T18:54:13.585Z,14,3.0,b,3.0,chatbot-interaction-task-v20230817b,control,EP,explanation,prediction,1059,easy
34,21.0,control,EP,explanation,prediction,2023-08-17T18:54:15.852Z,15,3.0,b,3.0,chatbot-interaction-task-v20230817b,control,EP,explanation,prediction,1162,easy
34,21.0,control,EP,explanation,prediction,2023-08-17T18:54:18.292Z,16,3.0,a,1.0,chatbot-interaction-task-v20230817b,control,EP,explanation,prediction,1309,easy
34,21.0,control,EP,explanation,prediction,2023-08-17T18:54:20.308Z,17,1.0,a,0.0,chatbot-interaction-task-v20230817b,control,EP,explanation,prediction,925,easy
32,21.0,prediction,EC,explanation,control,2023-08-17T18:51:54.851Z,2,1.0,b,0.0,chatbot-interaction-task-v20230817b,prediction,EC,explanation,control,2471,easy
32,21.0,prediction,EC,explanation,control,2023-08-17T18:51:57.444Z,3,0.0,b,2.0,chatbot-interaction-task-v20230817b,prediction,EC,explanation,control,1381,easy
32,21.0,prediction,EC,explanation,control,2023-08-17T18:51:59.701Z,4,2.0,b,2.0,chatbot-interaction-task-v20230817b,prediction,EC,explanation,control,1019,easy
32,21.0,prediction,EC,explanation,control,2023-08-17T18:52:01.342Z,5,2.0,b,2.0,chatbot-interaction-task-v20230817b,prediction,EC,explanation,control,617,easy
32,21.0,prediction,EC,explanation,control,2023-08-17T18:52:03.500Z,6,2.0,a,0.0,chatbot-interaction-task-v20230817b,prediction,EC,explanation,control,1128,easy
32,21.0,prediction,EC,explanation,control,2023-08-17T18:52:05.250Z,7,0.0,a,2.0,chatbot-interaction-task-v20230817b,prediction,EC,explanation,control,731,easy
32,21.0,prediction,EC,explanation,control,2023-08-17T18:52:06.742Z,8,2.0,a,3.0,chatbot-interaction-task-v20230817b,prediction,EC,explanation,control,469,easy
32,21.0,prediction,EC,explanation,control,2023-08-17T18:52:08.941Z,9,3.0,a,1.0,chatbot-interaction-task-v20230817b,prediction,EC,explanation,control,945,easy
32,21.0,prediction,EC,explanation,control,2023-08-17T18:52:10.668Z,10,1.0,a,0.0,chatbot-interaction-task-v20230817b,prediction,EC,explanation,control,690,easy
32,21.0,prediction,EC,explanation,control,2023-08-17T18:52:12.291Z,11,0.0,b,2.0,chatbot-interaction-task-v20230817b,prediction,EC,explanation,control,581,easy
32,21.0,prediction,EC,explanation,control,2023-08-17T18:52:14.024Z,12,2.0,b,2.0,chatbot-interaction-task-v20230817b,prediction,EC,explanation,control,718,easy
32,21.0,prediction,EC,explanation,control,2023-08-17T18:52:15.440Z,13,2.0,b,2.0,chatbot-interaction-task-v20230817b,prediction,EC,explanation,control,384,easy
32,21.0,prediction,EC,explanation,control,2023-08-17T18:52:18.682Z,14,2.0,a,0.0,chatbot-interaction-task-v20230817b,prediction,EC,explanation,control,2215,easy
32,21.0,prediction,EC,explanation,control,2023-08-17T18:52:20.324Z,15,0.0,a,2.0,chatbot-interaction-task-v20230817b,prediction,EC,explanation,control,614,easy
32,21.0,prediction,EC,explanation,control,2023-08-17T18:52:22.065Z,16,2.0,a,0.0,chatbot-interaction-task-v20230817b,prediction,EC,explanation,control,707,easy
32,21.0,prediction,EC,explanation,control,2023-08-17T18:52:24.873Z,17,0.0,a,2.0,chatbot-interaction-task-v20230817b,prediction,EC,explanation,control,1774,easy
33,21.0,control,EP,explanation,prediction,2023-08-17T18:52:13.438Z,2,3.0,a,1.0,chatbot-interaction-task-v20230817b,control,EP,explanation,prediction,4100,easy
33,21.0,control,EP,explanation,prediction,2023-08-17T18:52:16.068Z,3,1.0,b,0.0,chatbot-interaction-task-v20230817b,control,EP,explanation,prediction,1403,easy
33,21.0,control,EP,explanation,prediction,2023-08-17T18:52:18.867Z,4,0.0,b,2.0,chatbot-interaction-task-v20230817b,control,EP,explanation,prediction,1569,easy
33,21.0,control,EP,explanation,prediction,2023-08-17T18:52:21.368Z,5,2.0,b,2.0,chatbot-interaction-task-v20230817b,control,EP,explanation,prediction,1301,easy
33,21.0,control,EP,explanation,prediction,2023-08-17T18:52:23.417Z,6,2.0,b,2.0,chatbot-interaction-task-v20230817b,control,EP,explanation,prediction,1007,easy
33,21.0,control,EP,explanation,prediction,2023-08-17T18:52:25.034Z,7,2.0,a,3.0,chatbot-interaction-task-v20230817b,control,EP,explanation,prediction,574,easy
33,21.0,control,EP,explanation,prediction,2023-08-17T18:52:26.918Z,8,3.0,a,0.0,chatbot-interaction-task-v20230817b,control,EP,explanation,prediction,836,easy
33,21.0,control,EP,explanation,prediction,2023-08-17T18:52:28.851Z,9,0.0,a,2.0,chatbot-interaction-task-v20230817b,control,EP,explanation,prediction,890,easy
33,21.0,control,EP,explanation,prediction,2023-08-17T18:52:30.752Z,10,2.0,a,3.0,chatbot-interaction-task-v20230817b,control,EP,explanation,prediction,850,easy
33,21.0,control,EP,explanation,prediction,2023-08-17T18:52:33.953Z,11,3.0,a,0.0,chatbot-interaction-task-v20230817b,control,EP,explanation,prediction,2153,easy
33,21.0,control,EP,explanation,prediction,2023-08-17T18:52:35.936Z,12,0.0,a,2.0,chatbot-interaction-task-v20230817b,control,EP,explanation,prediction,943,easy
33,21.0,control,EP,explanation,prediction,2023-08-17T18:52:37.885Z,13,2.0,a,0.0,chatbot-interaction-task-v20230817b,control,EP,explanation,prediction,903,easy
33,21.0,control,EP,explanation,prediction,2023-08-17T18:52:40.137Z,14,0.0,b,2.0,chatbot-interaction-task-v20230817b,control,EP,explanation,prediction,1209,easy
33,21.0,control,EP,explanation,prediction,2023-08-17T18:52:41.703Z,15,2.0,a,0.0,chatbot-interaction-task-v20230817b,control,EP,explanation,prediction,520,easy
33,21.0,control,EP,explanation,prediction,2023-08-17T18:52:44.054Z,16,0.0,b,2.0,chatbot-interaction-task-v20230817b,control,EP,explanation,prediction,1314,easy
33,21.0,control,EP,explanation,prediction,2023-08-17T18:52:45.960Z,17,2.0,a,0.0,chatbot-interaction-task-v20230817b,control,EP,explanation,prediction,861,easy
37,21.0,prediction,CE,control,explanation,2023-08-17T18:54:45.149Z,2,1.0,a,0.0,chatbot-interaction-task-v20230817b,prediction,CE,control,explanation,3999,easy
37,21.0,prediction,CE,control,explanation,2023-08-17T18:54:49.849Z,3,0.0,a,2.0,chatbot-interaction-task-v20230817b,prediction,CE,control,explanation,3538,easy
37,21.0,prediction,CE,control,explanation,2023-08-17T18:54:54.302Z,4,2.0,a,3.0,chatbot-interaction-task-v20230817b,prediction,CE,control,explanation,3301,easy
37,21.0,prediction,CE,control,explanation,2023-08-17T18:54:59.867Z,5,3.0,a,0.0,chatbot-interaction-task-v20230817b,prediction,CE,control,explanation,4396,easy
37,21.0,prediction,CE,control,explanation,2023-08-17T18:55:03.601Z,6,0.0,b,2.0,chatbot-interaction-task-v20230817b,prediction,CE,control,explanation,2704,easy
37,21.0,prediction,CE,control,explanation,2023-08-17T18:55:10.219Z,7,2.0,b,2.0,chatbot-interaction-task-v20230817b,prediction,CE,control,explanation,5577,easy
37,21.0,prediction,CE,control,explanation,2023-08-17T18:55:14.719Z,8,2.0,b,2.0,chatbot-interaction-task-v20230817b,prediction,CE,control,explanation,3453,easy
37,21.0,prediction,CE,control,explanation,2023-08-17T18:55:18.319Z,9,2.0,a,3.0,chatbot-interaction-task-v20230817b,prediction,CE,control,explanation,2571,easy
37,21.0,prediction,CE,control,explanation,2023-08-17T18:55:21.036Z,10,3.0,a,1.0,chatbot-interaction-task-v20230817b,prediction,CE,control,explanation,1681,easy
37,21.0,prediction,CE,control,explanation,2023-08-17T18:55:23.686Z,11,1.0,a,0.0,chatbot-interaction-task-v20230817b,prediction,CE,control,explanation,1602,easy
37,21.0,prediction,CE,control,explanation,2023-08-17T18:55:25.886Z,12,0.0,a,2.0,chatbot-interaction-task-v20230817b,prediction,CE,control,explanation,1162,easy
37,21.0,prediction,CE,control,explanation,2023-08-17T18:55:30.903Z,13,2.0,b,2.0,chatbot-interaction-task-v20230817b,prediction,CE,control,explanation,3997,easy
37,21.0,prediction,CE,control,explanation,2023-08-17T18:55:34.503Z,14,2.0,a,0.0,chatbot-interaction-task-v20230817b,prediction,CE,control,explanation,2546,easy
37,21.0,prediction,CE,control,explanation,2023-08-17T18:55:36.970Z,15,0.0,a,2.0,chatbot-interaction-task-v20230817b,prediction,CE,control,explanation,1427,easy
37,21.0,prediction,CE,control,explanation,2023-08-17T18:55:39.437Z,16,2.0,b,2.0,chatbot-interaction-task-v20230817b,prediction,CE,control,explanation,1434,easy
37,21.0,prediction,CE,control,explanation,2023-08-17T18:55:41.753Z,17,2.0,b,2.0,chatbot-interaction-task-v20230817b,prediction,CE,control,explanation,1247,easy
41,21.0,control,EP,explanation,prediction,2023-08-17T18:57:04.375Z,2,0.0,b,2.0,chatbot-interaction-task-v20230817b,control,EP,explanation,prediction,5551,easy
41,21.0,control,EP,explanation,prediction,2023-08-17T18:57:11.549Z,3,2.0,b,2.0,chatbot-interaction-task-v20230817b,control,EP,explanation,prediction,5767,easy
41,21.0,control,EP,explanation,prediction,2023-08-17T18:57:21.547Z,4,2.0,a,0.0,chatbot-interaction-task-v20230817b,control,EP,explanation,prediction,8900,easy
41,21.0,control,EP,explanation,prediction,2023-08-17T18:57:24.520Z,5,0.0,b,2.0,chatbot-interaction-task-v20230817b,control,EP,explanation,prediction,1919,easy
41,21.0,control,EP,explanation,prediction,2023-08-17T18:57:27.476Z,6,2.0,a,0.0,chatbot-interaction-task-v20230817b,control,EP,explanation,prediction,1926,easy
41,21.0,control,EP,explanation,prediction,2023-08-17T18:57:29.386Z,7,0.0,a,2.0,chatbot-interaction-task-v20230817b,control,EP,explanation,prediction,857,easy
41,21.0,control,EP,explanation,prediction,2023-08-17T18:57:34.567Z,8,2.0,b,2.0,chatbot-interaction-task-v20230817b,control,EP,explanation,prediction,4127,easy
41,21.0,control,EP,explanation,prediction,2023-08-17T18:57:46.773Z,9,2.0,a,3.0,chatbot-interaction-task-v20230817b,control,EP,explanation,prediction,11174,easy
41,21.0,control,EP,explanation,prediction,2023-08-17T18:57:57.105Z,10,3.0,b,3.0,chatbot-interaction-task-v20230817b,control,EP,explanation,prediction,8975,easy
41,21.0,control,EP,explanation,prediction,2023-08-17T18:58:06.969Z,11,3.0,b,3.0,chatbot-interaction-task-v20230817b,control,EP,explanation,prediction,8817,easy
41,21.0,control,EP,explanation,prediction,2023-08-17T18:58:09.360Z,12,3.0,b,3.0,chatbot-interaction-task-v20230817b,control,EP,explanation,prediction,1340,easy
41,21.0,control,EP,explanation,prediction,2023-08-17T18:58:13.978Z,13,3.0,b,3.0,chatbot-interaction-task-v20230817b,control,EP,explanation,prediction,3556,easy
41,21.0,control,EP,explanation,prediction,2023-08-17T18:58:16.933Z,14,3.0,a,0.0,chatbot-interaction-task-v20230817b,control,EP,explanation,prediction,1899,easy
41,21.0,control,EP,explanation,prediction,2023-08-17T18:58:23.560Z,15,0.0,b,2.0,chatbot-interaction-task-v20230817b,control,EP,explanation,prediction,5571,easy
41,21.0,control,EP,explanation,prediction,2023-08-17T18:58:31.133Z,16,2.0,a,3.0,chatbot-interaction-task-v20230817b,control,EP,explanation,prediction,6541,easy
41,21.0,control,EP,explanation,prediction,2023-08-17T18:58:41.878Z,17,3.0,a,0.0,chatbot-interaction-task-v20230817b,control,EP,explanation,prediction,9721,easy
36,21.0,explanation,CP,control,prediction,2023-08-17T18:56:36.542Z,2,0.0,b,2.0,chatbot-interaction-task-v20230817b,explanation,CP,control,prediction,2926,easy
36,21.0,explanation,CP,control,prediction,2023-08-17T18:56:39.192Z,3,2.0,b,2.0,chatbot-interaction-task-v20230817b,explanation,CP,control,prediction,1446,easy
36,21.0,explanation,CP,control,prediction,2023-08-17T18:56:41.959Z,4,2.0,b,2.0,chatbot-interaction-task-v20230817b,explanation,CP,control,prediction,1757,easy
36,21.0,explanation,CP,control,prediction,2023-08-17T18:56:43.860Z,5,2.0,a,0.0,chatbot-interaction-task-v20230817b,explanation,CP,control,prediction,889,easy
36,21.0,explanation,CP,control,prediction,2023-08-17T18:56:46.642Z,6,0.0,a,2.0,chatbot-interaction-task-v20230817b,explanation,CP,control,prediction,1762,easy
36,21.0,explanation,CP,control,prediction,2023-08-17T18:56:50.125Z,7,2.0,a,3.0,chatbot-interaction-task-v20230817b,explanation,CP,control,prediction,2476,easy
36,21.0,explanation,CP,control,prediction,2023-08-17T18:56:52.209Z,8,3.0,b,3.0,chatbot-interaction-task-v20230817b,explanation,CP,control,prediction,901,easy
36,21.0,explanation,CP,control,prediction,2023-08-17T18:56:54.408Z,9,3.0,b,3.0,chatbot-interaction-task-v20230817b,explanation,CP,control,prediction,1193,easy
36,21.0,explanation,CP,control,prediction,2023-08-17T18:56:56.342Z,10,3.0,a,1.0,chatbot-interaction-task-v20230817b,explanation,CP,control,prediction,913,easy
36,21.0,explanation,CP,control,prediction,2023-08-17T18:56:58.391Z,11,1.0,a,0.0,chatbot-interaction-task-v20230817b,explanation,CP,control,prediction,855,easy
36,21.0,explanation,CP,control,prediction,2023-08-17T18:57:00.892Z,12,0.0,a,2.0,chatbot-interaction-task-v20230817b,explanation,CP,control,prediction,1490,easy
36,21.0,explanation,CP,control,prediction,2023-08-17T18:57:02.859Z,13,2.0,a,3.0,chatbot-interaction-task-v20230817b,explanation,CP,control,prediction,956,easy
36,21.0,explanation,CP,control,prediction,2023-08-17T18:57:04.491Z,14,3.0,a,1.0,chatbot-interaction-task-v20230817b,explanation,CP,control,prediction,620,easy
36,21.0,explanation,CP,control,prediction,2023-08-17T18:57:06.291Z,15,1.0,a,0.0,chatbot-interaction-task-v20230817b,explanation,CP,control,prediction,779,easy
36,21.0,explanation,CP,control,prediction,2023-08-17T18:57:09.642Z,16,0.0,b,2.0,chatbot-interaction-task-v20230817b,explanation,CP,control,prediction,2342,easy
36,21.0,explanation,CP,control,prediction,2023-08-17T18:57:11.758Z,17,2.0,b,2.0,chatbot-interaction-task-v20230817b,explanation,CP,control,prediction,1103,easy
38,21.0,control,EP,explanation,prediction,2023-08-17T18:59:06.461Z,2,0.0,a,2.0,chatbot-interaction-task-v20230817b,control,EP,explanation,prediction,1418,easy
38,21.0,control,EP,explanation,prediction,2023-08-17T18:59:09.226Z,3,2.0,b,2.0,chatbot-interaction-task-v20230817b,control,EP,explanation,prediction,1535,easy
38,21.0,control,EP,explanation,prediction,2023-08-17T18:59:11.659Z,4,2.0,a,0.0,chatbot-interaction-task-v20230817b,control,EP,explanation,prediction,1381,easy
38,21.0,control,EP,explanation,prediction,2023-08-17T18:59:17.877Z,5,0.0,a,2.0,chatbot-interaction-task-v20230817b,control,EP,explanation,prediction,5155,easy
38,21.0,control,EP,explanation,prediction,2023-08-17T18:59:25.191Z,6,2.0,a,3.0,chatbot-interaction-task-v20230817b,control,EP,explanation,prediction,6260,easy
38,21.0,control,EP,explanation,prediction,2023-08-17T18:59:27.908Z,7,3.0,a,1.0,chatbot-interaction-task-v20230817b,control,EP,explanation,prediction,1515,easy
38,21.0,control,EP,explanation,prediction,2023-08-17T18:59:31.875Z,8,1.0,a,0.0,chatbot-interaction-task-v20230817b,control,EP,explanation,prediction,2749,easy
38,21.0,control,EP,explanation,prediction,2023-08-17T18:59:34.908Z,9,0.0,b,2.0,chatbot-interaction-task-v20230817b,control,EP,explanation,prediction,1962,easy
38,21.0,control,EP,explanation,prediction,2023-08-17T18:59:36.791Z,10,2.0,b,2.0,chatbot-interaction-task-v20230817b,control,EP,explanation,prediction,819,easy
38,21.0,control,EP,explanation,prediction,2023-08-17T18:59:38.641Z,11,2.0,b,2.0,chatbot-interaction-task-v20230817b,control,EP,explanation,prediction,766,easy
38,21.0,control,EP,explanation,prediction,2023-08-17T18:59:41.158Z,12,2.0,a,0.0,chatbot-interaction-task-v20230817b,control,EP,explanation,prediction,1442,easy
38,21.0,control,EP,explanation,prediction,2023-08-17T18:59:43.191Z,13,0.0,a,2.0,chatbot-interaction-task-v20230817b,control,EP,explanation,prediction,934,easy
38,21.0,control,EP,explanation,prediction,2023-08-17T18:59:45.223Z,14,2.0,a,3.0,chatbot-interaction-task-v20230817b,control,EP,explanation,prediction,968,easy
38,21.0,control,EP,explanation,prediction,2023-08-17T18:59:47.274Z,15,3.0,a,1.0,chatbot-interaction-task-v20230817b,control,EP,explanation,prediction,959,easy
38,21.0,control,EP,explanation,prediction,2023-08-17T18:59:50.640Z,16,1.0,b,0.0,chatbot-interaction-task-v20230817b,control,EP,explanation,prediction,2292,easy
38,21.0,control,EP,explanation,prediction,2023-08-17T18:59:52.490Z,17,0.0,a,2.0,chatbot-interaction-task-v20230817b,control,EP,explanation,prediction,785,easy
39,21.0,explanation,CP,control,prediction,2023-08-17T19:04:15.248Z,2,3.0,b,3.0,chatbot-interaction-task-v20230817b,explanation,CP,control,prediction,3461,easy
39,21.0,explanation,CP,control,prediction,2023-08-17T19:04:17.716Z,3,3.0,a,1.0,chatbot-interaction-task-v20230817b,explanation,CP,control,prediction,1400,easy
39,21.0,explanation,CP,control,prediction,2023-08-17T19:04:20.635Z,4,1.0,a,0.0,chatbot-interaction-task-v20230817b,explanation,CP,control,prediction,1509,easy
