participant_id,fsm_number,feedback_condition,transfer_order,transfer_task_1,transfer_task_2,attempt,control_hidden_counter,control_visible_counter,prediction_hidden_counter,prediction_visible_counter,explanation_hidden_counter,explanation_visible_counter,test_prediction_counter,test_control_counter,test_explanation_counter,sender,duration,trial_type,state_1,response_1,state_2,response_2,state_3,option_1,option_2,option_1_p,option_2_p,correctResponse,response,response_correct,timestamp,test_condition,fsm_type,trial_number,phase,trial_order,phase_order
1,21.0,control,EP,explanation,prediction,1.0,,0.0,,,,,,,,control_screen_response,13471.421999988072,visible,0.0,a,2.0,,0.0,a,b,0.6,0.0,a,b,False,2023-08-17 16:01:45.603000+00:00,control,easy,1,feedback,1,1
1,21.0,control,EP,explanation,prediction,1.0,,1.0,,,,,,,,control_screen_response,3737.940999997023,visible,2.0,a,3.0,,3.0,a,b,0.0,1.0,b,b,True,2023-08-17 16:01:54.669000+00:00,control,easy,2,feedback,2,2
1,21.0,control,EP,explanation,prediction,1.0,,2.0,,,,,,,,control_screen_response,1138.0509999940405,visible,2.0,b,2.0,,2.0,a,b,0.0,1.0,b,b,True,2023-08-17 16:02:01.136000+00:00,control,easy,3,feedback,3,3
1,21.0,control,EP,explanation,prediction,1.0,,3.0,,,,,,,,control_screen_response,4087.849999988073,visible,2.0,b,2.0,,2.0,a,b,0.0,1.0,b,b,True,2023-08-17 16:02:10.553000+00:00,control,easy,4,feedback,4,4
1,21.0,control,EP,explanation,prediction,1.0,,4.0,,,,,,,,control_screen_response,838.1599999970058,visible,2.0,a,3.0,,1.0,a,b,0.6,0.0,a,a,True,2023-08-17 16:02:16.720000+00:00,control,easy,5,feedback,5,5
1,21.0,control,EP,explanation,prediction,1.0,,5.0,,,,,,,,control_screen_response,5387.931999988068,visible,0.0,b,2.0,,2.0,a,b,0.0,1.0,b,b,True,2023-08-17 16:02:27.419000+00:00,control,easy,6,feedback,6,6
1,21.0,control,EP,explanation,prediction,1.0,,6.0,,,,,,,,control_screen_response,521.3879999970086,visible,0.0,a,2.0,,3.0,a,b,0.4,0.0,a,a,True,2023-08-17 16:02:33.270000+00:00,control,easy,7,feedback,7,7
1,21.0,control,EP,explanation,prediction,1.0,,7.0,,,,,,,,control_screen_response,1654.459999991057,visible,3.0,b,3.0,,0.0,a,b,0.4,0.0,a,a,True,2023-08-17 16:02:40.236000+00:00,control,easy,8,feedback,8,8
1,21.0,control,EP,explanation,prediction,1.0,,8.0,,,,,,,,control_screen_response,571.3719999880705,visible,3.0,b,3.0,,3.0,a,b,0.0,1.0,b,b,True,2023-08-17 16:02:46.119000+00:00,control,easy,9,feedback,9,9
1,21.0,control,EP,explanation,prediction,1.0,,9.0,,,,,,,,control_screen_response,837.8229999970063,visible,0.0,a,2.0,,2.0,a,b,0.0,1.0,b,b,True,2023-08-17 16:02:52.286000+00:00,control,easy,10,feedback,10,10
1,21.0,control,EP,explanation,prediction,1.0,,10.0,,,,,,,,control_screen_response,471.5029999910621,visible,0.0,b,2.0,,3.0,a,b,0.4,0.0,a,a,True,2023-08-17 16:02:58.086000+00:00,control,easy,11,feedback,11,11
1,21.0,control,EP,explanation,prediction,1.0,,11.0,,,,,,,,control_screen_response,687.8439999970142,visible,0.0,b,2.0,,3.0,a,b,0.4,0.0,a,a,True,2023-08-17 16:03:04.086000+00:00,control,easy,12,feedback,12,12
1,21.0,control,EP,explanation,prediction,1.0,,12.0,,,,,,,,control_screen_response,921.583999997034,visible,0.0,b,2.0,,2.0,a,b,0.0,1.0,b,b,True,2023-08-17 16:03:10.319000+00:00,control,easy,13,feedback,13,13
1,21.0,control,EP,explanation,prediction,1.0,,13.0,,,,,,,,control_screen_response,1187.8659999970114,visible,3.0,b,3.0,,0.0,a,b,0.4,0.0,a,a,True,2023-08-17 16:03:16.836000+00:00,control,easy,14,feedback,14,14
1,21.0,control,EP,explanation,prediction,1.0,,14.0,,,,,,,,control_screen_response,988.2259999910602,visible,2.0,a,3.0,,3.0,a,b,0.0,1.0,b,a,False,2023-08-17 16:03:23.136000+00:00,control,easy,15,feedback,15,15
1,21.0,control,EP,explanation,prediction,1.0,0.0,,,,,,,,,control_screen_response,14154.683999994042,hidden,2.0,,,,3.0,aa,ab,0.0,0.4,ab,aa,False,2023-08-17 16:03:54.919000+00:00,control,easy,1,feedback,16,16
1,21.0,control,EP,explanation,prediction,1.0,1.0,,,,,,,,,control_screen_response,1238.341999994067,hidden,2.0,,,,3.0,aa,ab,0.0,0.4,ab,ab,True,2023-08-17 16:04:01.504000+00:00,control,easy,2,feedback,17,17
1,21.0,control,EP,explanation,prediction,1.0,2.0,,,,,,,,,control_screen_response,5004.683999988076,hidden,3.0,,,,2.0,aa,bb,0.4,0.0,aa,aa,True,2023-08-17 16:04:11.837000+00:00,control,easy,3,feedback,18,18
1,21.0,control,EP,explanation,prediction,1.0,3.0,,,,,,,,,control_screen_response,6021.3429999999935,hidden,3.0,,,,1.0,aa,ba,0.0,0.6,ba,ba,True,2023-08-17 16:04:23.169000+00:00,control,easy,4,feedback,19,19
1,21.0,control,EP,explanation,prediction,1.0,4.0,,,,,,,,,control_screen_response,1254.7899999910733,hidden,3.0,,,,2.0,aa,bb,0.4,0.0,aa,aa,True,2023-08-17 16:04:29.753000+00:00,control,easy,5,feedback,20,20
1,21.0,control,EP,explanation,prediction,1.0,5.0,,,,,,,,,control_screen_response,2804.527999994054,hidden,0.0,,,,0.0,aa,ab,0.6,0.0,aa,aa,True,2023-08-17 16:04:37.886000+00:00,control,easy,6,feedback,21,21
1,21.0,control,EP,explanation,prediction,1.0,6.0,,,,,,,,,control_screen_response,5771.130999994057,hidden,0.0,,,,3.0,ab,aa,0.0,0.4,aa,ab,False,2023-08-17 16:04:48.986000+00:00,control,easy,7,feedback,22,22
1,21.0,control,EP,explanation,prediction,1.0,7.0,,,,,,,,,control_screen_response,1387.8479999970295,hidden,3.0,,,,3.0,bb,ba,1.0,0.0,bb,bb,True,2023-08-17 16:04:55.703000+00:00,control,easy,8,feedback,23,23
1,21.0,control,EP,explanation,prediction,1.0,8.0,,,,,,,,,control_screen_response,3388.0159999880707,hidden,2.0,,,,1.0,ab,aa,0.0,0.24,aa,aa,True,2023-08-17 16:05:04.403000+00:00,control,easy,9,feedback,24,24
1,21.0,control,EP,explanation,prediction,1.0,9.0,,,,,,,,,control_screen_response,4704.720999994024,hidden,3.0,,,,2.0,ab,ba,0.4,0.0,ab,ab,True,2023-08-17 16:05:14.436000+00:00,control,easy,10,feedback,25,25
1,21.0,control,EP,explanation,prediction,1.0,10.0,,,,,,,,,control_screen_response,838.0089999880875,hidden,2.0,,,,2.0,aa,bb,0.6,1.0,bb,aa,False,2023-08-17 16:05:20.603000+00:00,control,easy,11,feedback,26,26
1,21.0,control,EP,explanation,prediction,1.0,11.0,,,,,,,,,control_screen_response,4354.423999997031,hidden,0.0,,,,2.0,aa,bb,0.0,1.0,bb,aa,False,2023-08-17 16:05:30.269000+00:00,control,easy,12,feedback,27,27
1,21.0,control,EP,explanation,prediction,1.0,12.0,,,,,,,,,control_screen_response,1171.4779999970342,hidden,3.0,,,,3.0,bb,ba,1.0,0.0,bb,bb,True,2023-08-17 16:05:36.769000+00:00,control,easy,13,feedback,28,28
1,21.0,control,EP,explanation,prediction,1.0,13.0,,,,,,,,,control_screen_response,3588.023999997007,hidden,0.0,,,,2.0,aa,bb,0.0,1.0,bb,aa,False,2023-08-17 16:05:45.669000+00:00,control,easy,14,feedback,29,29
1,21.0,control,EP,explanation,prediction,1.0,14.0,,,,,,,,,control_screen_response,7387.9369999910705,hidden,3.0,,,,2.0,ab,ba,0.4,0.0,ab,ab,True,2023-08-17 16:05:58.386000+00:00,control,easy,15,feedback,30,30
1,21.0,control,EP,explanation,prediction,,,,,,,,,,0.0,explanation_screen_response,8504.712999991083,visible,0.0,a,2.0,a,0.0,,,,,2,1,False,2023-08-17 16:07:23.602000+00:00,explanation,easy,1,transfer,31,1
1,21.0,control,EP,explanation,prediction,,,,,,,,,,1.0,explanation_screen_response,13621.344999988098,visible,3.0,a,1.0,b,0.0,,,,,1,1,True,2023-08-17 16:07:40.236000+00:00,explanation,easy,2,transfer,32,2
1,21.0,control,EP,explanation,prediction,,,,,,,,,,2.0,explanation_screen_response,7137.895999988075,visible,0.0,b,2.0,b,2.0,,,,,2,2,True,2023-08-17 16:07:50.386000+00:00,explanation,easy,3,transfer,33,3
1,21.0,control,EP,explanation,prediction,,,,,,,,,,3.0,explanation_screen_response,4387.918999988062,visible,0.0,b,2.0,a,3.0,,,,,2,1,False,2023-08-17 16:07:57.786000+00:00,explanation,easy,4,transfer,34,4
1,21.0,control,EP,explanation,prediction,,,,,,,,,,4.0,explanation_screen_response,1371.6149999940535,visible,0.0,b,2.0,a,0.0,,,,,2,2,True,2023-08-17 16:08:02.170000+00:00,explanation,easy,5,transfer,35,5
1,21.0,control,EP,explanation,prediction,,,,,,,,,,5.0,explanation_screen_response,1637.877999991062,visible,0.0,a,2.0,b,2.0,,,,,2,1,False,2023-08-17 16:08:06.819000+00:00,explanation,easy,6,transfer,36,6
1,21.0,control,EP,explanation,prediction,,,,,,,,,,6.0,explanation_screen_response,671.4639999970095,visible,3.0,a,0.0,a,2.0,,,,,1,1,True,2023-08-17 16:08:10.502000+00:00,explanation,easy,7,transfer,37,7
1,21.0,control,EP,explanation,prediction,,,,,,,,,,7.0,explanation_screen_response,437.8989999970072,visible,2.0,a,0.0,b,2.0,,,,,1,2,False,2023-08-17 16:08:13.953000+00:00,explanation,easy,8,transfer,38,8
1,21.0,control,EP,explanation,prediction,,,,,,,,,,8.0,explanation_screen_response,421.5369999970426,visible,2.0,a,0.0,a,2.0,,,,,1,2,False,2023-08-17 16:08:17.386000+00:00,explanation,easy,9,transfer,39,9
1,21.0,control,EP,explanation,prediction,,,,,,,,,,9.0,explanation_screen_response,471.4409999910277,visible,3.0,a,1.0,a,0.0,,,,,1,2,False,2023-08-17 16:08:20.869000+00:00,explanation,easy,10,transfer,40,10
1,21.0,control,EP,explanation,prediction,,,,,,,,,,0.0,explanation_screen_response,3221.223999993992,hidden,0.0,b,,b,2.0,,,,,2,2,True,2023-08-17 16:08:27.136000+00:00,explanation,easy,1,transfer,41,11
1,21.0,control,EP,explanation,prediction,,,,,,,,,,1.0,explanation_screen_response,2671.339999997057,hidden,0.0,b,,a,0.0,,,,,2,2,True,2023-08-17 16:08:32.819000+00:00,explanation,easy,2,transfer,42,12
1,21.0,control,EP,explanation,prediction,,,,,,,,,,2.0,explanation_screen_response,354.61999999405816,hidden,3.0,a,,b,0.0,,,,,1,1,True,2023-08-17 16:08:36.186000+00:00,explanation,easy,3,transfer,43,13
1,21.0,control,EP,explanation,prediction,,,,,,,,,,3.0,explanation_screen_response,454.6879999880912,hidden,3.0,a,,b,2.0,,,,,1,1,True,2023-08-17 16:08:39.652000+00:00,explanation,easy,4,transfer,44,14
1,21.0,control,EP,explanation,prediction,,,,,,,,,,4.0,explanation_screen_response,588.1599999880418,hidden,3.0,b,,a,0.0,,,,,2,2,True,2023-08-17 16:08:43.252000+00:00,explanation,easy,5,transfer,45,15
1,21.0,control,EP,explanation,prediction,,,,,,,,,,5.0,explanation_screen_response,2287.859999997076,hidden,3.0,a,,a,2.0,,,,,1,1,True,2023-08-17 16:08:48.568000+00:00,explanation,easy,6,transfer,46,16
1,21.0,control,EP,explanation,prediction,,,,,,,,,,6.0,explanation_screen_response,421.4719999880763,hidden,0.0,a,,a,0.0,,,,,2,2,True,2023-08-17 16:08:52.002000+00:00,explanation,easy,7,transfer,47,17
1,21.0,control,EP,explanation,prediction,,,,,,,,,,7.0,explanation_screen_response,454.49699999706354,hidden,2.0,b,,b,2.0,,,,,2,1,False,2023-08-17 16:08:55.469000+00:00,explanation,easy,8,transfer,48,18
1,21.0,control,EP,explanation,prediction,,,,,,,,,,8.0,explanation_screen_response,621.3029999970458,hidden,2.0,a,,a,2.0,,,,,1,1,True,2023-08-17 16:08:59.119000+00:00,explanation,easy,9,transfer,49,19
1,21.0,control,EP,explanation,prediction,,,,,,,,,,9.0,explanation_screen_response,354.84899998805486,hidden,0.0,a,,a,3.0,,,,,2,1,False,2023-08-17 16:09:02.502000+00:00,explanation,easy,10,transfer,50,20
1,21.0,control,EP,explanation,prediction,,,,,,,,0.0,,,prediction_screen_response,4688.057999988087,visible,0.0,b,2.0,b,,2,3,1.0,0.0,2,2,True,2023-08-17 16:09:23.003000+00:00,prediction,easy,1,transfer,51,21
1,21.0,control,EP,explanation,prediction,,,,,,,,1.0,,,prediction_screen_response,1854.672999991104,visible,3.0,b,3.0,a,,1,3,0.6,0.0,1,1,True,2023-08-17 16:09:28.370000+00:00,prediction,easy,2,transfer,52,22
1,21.0,control,EP,explanation,prediction,,,,,,,,2.0,,,prediction_screen_response,4704.820999999996,visible,2.0,b,2.0,a,,1,3,0.0,0.4,3,3,True,2023-08-17 16:09:36.586000+00:00,prediction,easy,3,transfer,53,23
1,21.0,control,EP,explanation,prediction,,,,,,,,3.0,,,prediction_screen_response,2954.641999994056,visible,3.0,b,3.0,b,,1,3,0.0,1.0,3,3,True,2023-08-17 16:09:43.053000+00:00,prediction,easy,4,transfer,54,24
1,21.0,control,EP,explanation,prediction,,,,,,,,4.0,,,prediction_screen_response,4987.843999993987,visible,2.0,a,3.0,a,,3,1,0.0,0.6,1,1,True,2023-08-17 16:09:51.553000+00:00,prediction,easy,5,transfer,55,25
1,21.0,control,EP,explanation,prediction,,,,,,,,5.0,,,prediction_screen_response,4004.817999991006,visible,3.0,a,1.0,b,,3,0,0.0,1.0,0,3,False,2023-08-17 16:09:59.086000+00:00,prediction,easy,6,transfer,56,26
1,21.0,control,EP,explanation,prediction,,,,,,,,6.0,,,prediction_screen_response,2721.3149999880698,visible,3.0,a,1.0,a,,0,1,1.0,0.0,0,0,True,2023-08-17 16:10:05.319000+00:00,prediction,easy,7,transfer,57,27
1,21.0,control,EP,explanation,prediction,,,,,,,,7.0,,,prediction_screen_response,3937.9569999970254,visible,2.0,a,3.0,a,,0,3,0.4,0.0,0,0,True,2023-08-17 16:10:12.769000+00:00,prediction,easy,8,transfer,58,28
1,21.0,control,EP,explanation,prediction,,,,,,,,8.0,,,prediction_screen_response,4721.454999999958,visible,1.0,b,0.0,b,,2,1,1.0,0.0,2,1,False,2023-08-17 16:10:21.003000+00:00,prediction,easy,9,transfer,59,29
1,21.0,control,EP,explanation,prediction,,,,,,,,9.0,,,prediction_screen_response,3204.6669999940787,visible,1.0,a,0.0,a,,2,0,1.0,0.0,2,2,True,2023-08-17 16:10:27.719000+00:00,prediction,easy,10,transfer,60,30
1,21.0,control,EP,explanation,prediction,,,,,,,,0.0,,,prediction_screen_response,1304.526999991038,hidden,2.0,b,,a,,1,3,0.0,0.4,3,3,True,2023-08-17 16:10:32.552000+00:00,prediction,easy,1,transfer,61,31
1,21.0,control,EP,explanation,prediction,,,,,,,,1.0,,,prediction_screen_response,2938.1330000000307,hidden,3.0,b,,a,,3,1,0.0,0.6,1,1,True,2023-08-17 16:10:38.503000+00:00,prediction,easy,2,transfer,62,32
1,21.0,control,EP,explanation,prediction,,,,,,,,2.0,,,prediction_screen_response,1304.4860000000335,hidden,3.0,a,,a,,2,1,0.4,0.0,2,1,False,2023-08-17 16:10:42.819000+00:00,prediction,easy,3,transfer,63,33
1,21.0,control,EP,explanation,prediction,,,,,,,,3.0,,,prediction_screen_response,4288.091999994009,hidden,2.0,a,,b,,0,3,0.0,0.4,3,0,False,2023-08-17 16:10:50.119000+00:00,prediction,easy,4,transfer,64,34
1,21.0,control,EP,explanation,prediction,,,,,,,,4.0,,,prediction_screen_response,2287.9599999940256,hidden,1.0,b,,a,,2,1,1.0,0.0,2,2,True,2023-08-17 16:10:55.419000+00:00,prediction,easy,5,transfer,65,35
1,21.0,control,EP,explanation,prediction,,,,,,,,5.0,,,prediction_screen_response,2204.771999988123,hidden,0.0,b,,a,,3,0,0.4,0.6,0,3,False,2023-08-17 16:11:00.635000+00:00,prediction,easy,6,transfer,66,36
1,21.0,control,EP,explanation,prediction,,,,,,,,6.0,,,prediction_screen_response,1287.905999988085,hidden,0.0,a,,a,,1,0,0.0,0.6,0,1,False,2023-08-17 16:11:04.935000+00:00,prediction,easy,7,transfer,67,37
1,21.0,control,EP,explanation,prediction,,,,,,,,7.0,,,prediction_screen_response,804.6779999970458,hidden,3.0,a,,b,,2,1,0.4,0.0,2,2,True,2023-08-17 16:11:08.752000+00:00,prediction,easy,8,transfer,68,38
1,21.0,control,EP,explanation,prediction,,,,,,,,8.0,,,prediction_screen_response,1304.5479999940144,hidden,2.0,a,,b,,1,3,0.0,0.4,3,1,False,2023-08-17 16:11:13.070000+00:00,prediction,easy,9,transfer,69,39
1,21.0,control,EP,explanation,prediction,,,,,,,,9.0,,,prediction_screen_response,1654.653999988106,hidden,2.0,a,,a,,3,1,0.0,0.24,1,3,False,2023-08-17 16:11:17.736000+00:00,prediction,easy,10,transfer,70,40
2,21.0,prediction,EC,explanation,control,3.0,,,,0.0,,,,,,prediction_screen_response,2132.7619999998715,visible,2.0,b,2.0,a,,1,3,0.0,0.4,3,1,False,2023-08-17 16:01:49.326000+00:00,prediction,easy,31,feedback,31,31
2,21.0,prediction,EC,explanation,control,3.0,,,,1.0,,,,,,prediction_screen_response,1876.5999999999767,visible,2.0,b,2.0,a,,1,3,0.0,0.4,3,3,True,2023-08-17 16:01:56.518000+00:00,prediction,easy,32,feedback,32,32
2,21.0,prediction,EC,explanation,control,3.0,,,,2.0,,,,,,prediction_screen_response,3511.84600000002,visible,3.0,a,1.0,a,,0,1,1.0,0.0,0,0,True,2023-08-17 16:02:05.351000+00:00,prediction,easy,33,feedback,33,33
2,21.0,prediction,EC,explanation,control,3.0,,,,3.0,,,,,,prediction_screen_response,6672.847999999998,visible,1.0,a,0.0,a,,2,0,1.0,0.0,2,2,True,2023-08-17 16:02:17.360000+00:00,prediction,easy,34,feedback,34,34
2,21.0,prediction,EC,explanation,control,3.0,,,,4.0,,,,,,prediction_screen_response,1216.5690000000177,visible,3.0,b,3.0,b,,1,3,0.0,1.0,3,3,True,2023-08-17 16:02:23.884000+00:00,prediction,easy,35,feedback,35,35
2,21.0,prediction,EC,explanation,control,3.0,,,,5.0,,,,,,prediction_screen_response,1484.8360000000102,visible,2.0,a,3.0,a,,3,1,0.0,0.6,1,1,True,2023-08-17 16:02:30.684000+00:00,prediction,easy,36,feedback,36,36
2,21.0,prediction,EC,explanation,control,3.0,,,,6.0,,,,,,prediction_screen_response,2972.588999999978,visible,3.0,b,3.0,a,,1,3,0.6,0.0,1,1,True,2023-08-17 16:02:38.971000+00:00,prediction,easy,37,feedback,37,37
2,21.0,prediction,EC,explanation,control,3.0,,,,7.0,,,,,,prediction_screen_response,5171.383999999904,visible,3.0,a,1.0,b,,3,0,0.0,1.0,0,3,False,2023-08-17 16:02:49.451000+00:00,prediction,easy,38,feedback,38,38
2,21.0,prediction,EC,explanation,control,3.0,,,,8.0,,,,,,prediction_screen_response,1554.7279999998864,visible,3.0,b,3.0,a,,1,3,0.6,0.0,1,1,True,2023-08-17 16:02:56.315000+00:00,prediction,easy,39,feedback,39,39
2,21.0,prediction,EC,explanation,control,3.0,,,,9.0,,,,,,prediction_screen_response,7403.693000000028,visible,1.0,b,0.0,b,,2,1,1.0,0.0,2,1,False,2023-08-17 16:03:09.029000+00:00,prediction,easy,40,feedback,40,40
2,21.0,prediction,EC,explanation,control,3.0,,,,10.0,,,,,,prediction_screen_response,3359.824999999895,visible,1.0,a,0.0,a,,2,0,1.0,0.0,2,2,True,2023-08-17 16:03:17.715000+00:00,prediction,easy,41,feedback,41,41
2,21.0,prediction,EC,explanation,control,3.0,,,,11.0,,,,,,prediction_screen_response,8258.677999999898,visible,0.0,b,2.0,b,,2,3,1.0,0.0,2,2,True,2023-08-17 16:03:31.295000+00:00,prediction,easy,42,feedback,42,42
2,21.0,prediction,EC,explanation,control,3.0,,,,12.0,,,,,,prediction_screen_response,4110.439000000013,visible,2.0,a,3.0,a,,0,3,0.4,0.0,0,0,True,2023-08-17 16:03:40.726000+00:00,prediction,easy,43,feedback,43,43
2,21.0,prediction,EC,explanation,control,3.0,,,,13.0,,,,,,prediction_screen_response,5635.807999999961,visible,1.0,b,0.0,b,,2,1,1.0,0.0,2,2,True,2023-08-17 16:03:51.682000+00:00,prediction,easy,44,feedback,44,44
2,21.0,prediction,EC,explanation,control,3.0,,,,14.0,,,,,,prediction_screen_response,1328.7469999998575,visible,2.0,a,3.0,a,,3,1,0.0,0.6,1,1,True,2023-08-17 16:03:58.322000+00:00,prediction,easy,45,feedback,45,45
2,21.0,prediction,EC,explanation,control,1.0,,,0.0,,,,,,,prediction_screen_response,4670.33899999992,hidden,0.0,a,,a,,1,0,0.0,0.6,0,0,True,2023-08-17 16:04:14.444000+00:00,prediction,easy,1,feedback,46,46
2,21.0,prediction,EC,explanation,control,1.0,,,1.0,,,,,,,prediction_screen_response,4623.274000000092,hidden,2.0,a,,b,,0,3,0.0,0.4,3,0,False,2023-08-17 16:04:24.394000+00:00,prediction,easy,2,feedback,47,47
2,21.0,prediction,EC,explanation,control,1.0,,,2.0,,,,,,,prediction_screen_response,919.7349999998696,hidden,2.0,a,,b,,1,3,0.0,0.4,3,3,True,2023-08-17 16:04:30.638000+00:00,prediction,easy,3,feedback,48,48
2,21.0,prediction,EC,explanation,control,1.0,,,3.0,,,,,,,prediction_screen_response,3345.1629999999423,hidden,3.0,b,,a,,3,1,0.0,0.6,1,1,True,2023-08-17 16:04:39.312000+00:00,prediction,easy,4,feedback,49,49
2,21.0,prediction,EC,explanation,control,1.0,,,4.0,,,,,,,prediction_screen_response_timeout,15818.652000000002,hidden,2.0,a,,b,,1,3,0.0,0.4,3,1,False,2023-08-17 16:05:00.446000+00:00,prediction,easy,5,feedback,50,50
2,21.0,prediction,EC,explanation,control,1.0,,,5.0,,,,,,,prediction_screen_response,1173.0389999999898,hidden,2.0,a,,a,,3,1,0.0,0.24,1,1,True,2023-08-17 16:05:06.932000+00:00,prediction,easy,6,feedback,51,51
2,21.0,prediction,EC,explanation,control,1.0,,,6.0,,,,,,,prediction_screen_response,2522.6660000000848,hidden,2.0,b,,a,,1,3,0.0,0.4,3,3,True,2023-08-17 16:05:14.780000+00:00,prediction,easy,7,feedback,52,52
2,21.0,prediction,EC,explanation,control,1.0,,,7.0,,,,,,,prediction_screen_response,12252.763000000035,hidden,2.0,a,,a,,3,1,0.0,0.24,1,3,False,2023-08-17 16:05:32.358000+00:00,prediction,easy,8,feedback,53,53
2,21.0,prediction,EC,explanation,control,1.0,,,8.0,,,,,,,prediction_screen_response,1068.421999999904,hidden,2.0,b,,a,,1,3,0.0,0.4,3,3,True,2023-08-17 16:05:38.737000+00:00,prediction,easy,9,feedback,54,54
2,21.0,prediction,EC,explanation,control,1.0,,,9.0,,,,,,,prediction_screen_response,6678.151000000071,hidden,3.0,b,,a,,3,1,0.0,0.6,1,1,True,2023-08-17 16:05:50.745000+00:00,prediction,easy,10,feedback,55,55
2,21.0,prediction,EC,explanation,control,1.0,,,10.0,,,,,,,prediction_screen_response,6871.235000000102,hidden,3.0,a,,a,,2,1,0.4,0.0,2,2,True,2023-08-17 16:06:02.935000+00:00,prediction,easy,11,feedback,56,56
2,21.0,prediction,EC,explanation,control,1.0,,,11.0,,,,,,,prediction_screen_response,8964.964000000036,hidden,1.0,b,,a,,2,1,1.0,0.0,2,2,True,2023-08-17 16:06:17.209000+00:00,prediction,easy,12,feedback,57,57
2,21.0,prediction,EC,explanation,control,1.0,,,12.0,,,,,,,prediction_screen_response,6153.363999999943,hidden,0.0,b,,a,,3,0,0.4,0.6,0,3,False,2023-08-17 16:06:28.677000+00:00,prediction,easy,13,feedback,58,58
2,21.0,prediction,EC,explanation,control,1.0,,,13.0,,,,,,,prediction_screen_response,3181.672999999952,hidden,3.0,a,,b,,2,1,0.4,0.0,2,2,True,2023-08-17 16:06:37.169000+00:00,prediction,easy,14,feedback,59,59
2,21.0,prediction,EC,explanation,control,1.0,,,14.0,,,,,,,prediction_screen_response,1463.85699999996,hidden,3.0,a,,b,,2,1,0.4,0.0,2,1,False,2023-08-17 16:06:43.948000+00:00,prediction,easy,15,feedback,60,60
2,21.0,prediction,EC,explanation,control,,,,,,,,,,0.0,explanation_screen_response,4843.07099999988,visible,2.0,a,0.0,b,2.0,,,,,1,2,False,2023-08-17 16:08:07.990000+00:00,explanation,easy,1,transfer,61,1
2,21.0,prediction,EC,explanation,control,,,,,,,,,,1.0,explanation_screen_response,3102.392999999807,visible,0.0,b,2.0,b,2.0,,,,,2,1,False,2023-08-17 16:08:14.114000+00:00,explanation,easy,2,transfer,62,2
2,21.0,prediction,EC,explanation,control,,,,,,,,,,2.0,explanation_screen_response,1891.439999999828,visible,0.0,b,2.0,a,3.0,,,,,2,2,True,2023-08-17 16:08:19.018000+00:00,explanation,easy,3,transfer,63,3
2,21.0,prediction,EC,explanation,control,,,,,,,,,,3.0,explanation_screen_response,1334.0190000000875,visible,0.0,a,2.0,b,2.0,,,,,2,2,True,2023-08-17 16:08:23.377000+00:00,explanation,easy,4,transfer,64,4
2,21.0,prediction,EC,explanation,control,,,,,,,,,,4.0,explanation_screen_response,2088.988999999827,visible,3.0,a,1.0,b,0.0,,,,,1,2,False,2023-08-17 16:08:28.480000+00:00,explanation,easy,5,transfer,65,5
2,21.0,prediction,EC,explanation,control,,,,,,,,,,5.0,explanation_screen_response,4992.218999999808,visible,0.0,b,2.0,a,0.0,,,,,2,1,False,2023-08-17 16:08:36.482000+00:00,explanation,easy,6,transfer,66,6
2,21.0,prediction,EC,explanation,control,,,,,,,,,,6.0,explanation_screen_response,895.4989999999525,visible,0.0,a,2.0,a,0.0,,,,,2,1,False,2023-08-17 16:08:40.400000+00:00,explanation,easy,7,transfer,67,7
2,21.0,prediction,EC,explanation,control,,,,,,,,,,7.0,explanation_screen_response,3559.890999999945,visible,3.0,a,0.0,a,2.0,,,,,1,2,False,2023-08-17 16:08:46.980000+00:00,explanation,easy,8,transfer,68,8
2,21.0,prediction,EC,explanation,control,,,,,,,,,,8.0,explanation_screen_response,760.2850000000326,visible,2.0,a,0.0,a,2.0,,,,,1,1,True,2023-08-17 16:08:50.762000+00:00,explanation,easy,9,transfer,69,9
2,21.0,prediction,EC,explanation,control,,,,,,,,,,9.0,explanation_screen_response,515.9070000000065,visible,3.0,a,1.0,a,0.0,,,,,1,2,False,2023-08-17 16:08:54.300000+00:00,explanation,easy,10,transfer,70,10
2,21.0,prediction,EC,explanation,control,,,,,,,,,,0.0,explanation_screen_response,1329.7499999998836,hidden,3.0,a,,b,0.0,,,,,1,2,False,2023-08-17 16:08:58.647000+00:00,explanation,easy,1,transfer,71,11
2,21.0,prediction,EC,explanation,control,,,,,,,,,,1.0,explanation_screen_response,2070.6650000000373,hidden,2.0,b,,b,2.0,,,,,2,1,False,2023-08-17 16:09:03.736000+00:00,explanation,easy,2,transfer,72,12
2,21.0,prediction,EC,explanation,control,,,,,,,,,,2.0,explanation_screen_response,852.5470000000205,hidden,2.0,a,,a,2.0,,,,,1,1,True,2023-08-17 16:09:07.600000+00:00,explanation,easy,3,transfer,73,13
2,21.0,prediction,EC,explanation,control,,,,,,,,,,3.0,explanation_screen_response,1037.076000000001,hidden,0.0,a,,a,0.0,,,,,2,2,True,2023-08-17 16:09:11.651000+00:00,explanation,easy,4,transfer,74,14
2,21.0,prediction,EC,explanation,control,,,,,,,,,,4.0,explanation_screen_response,1216.2409999998054,hidden,3.0,a,,a,2.0,,,,,1,1,True,2023-08-17 16:09:15.879000+00:00,explanation,easy,5,transfer,75,15
2,21.0,prediction,EC,explanation,control,,,,,,,,,,5.0,explanation_screen_response,1327.8349999998463,hidden,3.0,a,,b,2.0,,,,,1,1,True,2023-08-17 16:09:20.222000+00:00,explanation,easy,6,transfer,76,16
2,21.0,prediction,EC,explanation,control,,,,,,,,,,6.0,explanation_screen_response,1171.107999999891,hidden,0.0,b,,b,2.0,,,,,2,2,True,2023-08-17 16:09:24.415000+00:00,explanation,easy,7,transfer,77,17
2,21.0,prediction,EC,explanation,control,,,,,,,,,,7.0,explanation_screen_response,944.435000000056,hidden,0.0,a,,a,3.0,,,,,2,1,False,2023-08-17 16:09:28.371000+00:00,explanation,easy,8,transfer,78,18
2,21.0,prediction,EC,explanation,control,,,,,,,,,,8.0,explanation_screen_response,1369.0189999999711,hidden,3.0,b,,a,0.0,,,,,2,2,True,2023-08-17 16:09:32.760000+00:00,explanation,easy,9,transfer,79,19
2,21.0,prediction,EC,explanation,control,,,,,,,,,,9.0,explanation_screen_response,1024.6609999999637,hidden,0.0,b,,a,0.0,,,,,2,1,False,2023-08-17 16:09:36.798000+00:00,explanation,easy,10,transfer,80,20
2,21.0,prediction,EC,explanation,control,,,,,,,,,0.0,,control_screen_response,3044.410999999964,visible,3.0,b,3.0,,3.0,a,b,0.0,1.0,b,b,True,2023-08-17 16:10:03.878000+00:00,control,easy,1,transfer,81,21
2,21.0,prediction,EC,explanation,control,,,,,,,,,1.0,,control_screen_response,2242.829000000027,visible,0.0,a,2.0,,0.0,a,b,0.6,0.0,a,a,True,2023-08-17 16:10:09.658000+00:00,control,easy,2,transfer,82,22
2,21.0,prediction,EC,explanation,control,,,,,,,,,2.0,,control_screen_response,674.3329999999842,visible,0.0,a,2.0,,2.0,a,b,0.0,1.0,b,b,True,2023-08-17 16:10:13.838000+00:00,control,easy,3,transfer,83,23
2,21.0,prediction,EC,explanation,control,,,,,,,,,3.0,,control_screen_response,4323.9199999999255,visible,0.0,a,2.0,,3.0,a,b,0.4,0.0,a,b,False,2023-08-17 16:10:21.670000+00:00,control,easy,4,transfer,84,24
2,21.0,prediction,EC,explanation,control,,,,,,,,,4.0,,control_screen_response,1314.8289999999106,visible,0.0,b,2.0,,3.0,a,b,0.4,0.0,a,a,True,2023-08-17 16:10:26.492000+00:00,control,easy,5,transfer,85,25
2,21.0,prediction,EC,explanation,control,,,,,,,,,5.0,,control_screen_response,3278.8659999999218,visible,3.0,b,3.0,,0.0,a,b,0.4,0.0,a,b,False,2023-08-17 16:10:33.288000+00:00,control,easy,6,transfer,86,26
2,21.0,prediction,EC,explanation,control,,,,,,,,,6.0,,control_screen_response,4248.3739999999525,visible,2.0,a,3.0,,1.0,a,b,0.6,0.0,a,b,False,2023-08-17 16:10:41.056000+00:00,control,easy,7,transfer,87,27
2,21.0,prediction,EC,explanation,control,,,,,,,,,7.0,,control_screen_response,325.5979999998817,visible,2.0,b,2.0,,2.0,a,b,0.0,1.0,b,b,True,2023-08-17 16:10:44.898000+00:00,control,easy,8,transfer,88,28
2,21.0,prediction,EC,explanation,control,,,,,,,,,8.0,,control_screen_response,277.1679999999469,visible,0.0,b,2.0,,2.0,a,b,0.0,1.0,b,b,True,2023-08-17 16:10:48.682000+00:00,control,easy,9,transfer,89,29
2,21.0,prediction,EC,explanation,control,,,,,,,,,9.0,,control_screen_response,2390.804000000004,visible,2.0,a,3.0,,3.0,a,b,0.0,1.0,b,b,True,2023-08-17 16:10:54.577000+00:00,control,easy,10,transfer,90,30
2,21.0,prediction,EC,explanation,control,,,,,,,,,0.0,,control_screen_response,6510.374000000069,hidden,2.0,,,,2.0,aa,bb,0.6,1.0,bb,bb,True,2023-08-17 16:11:04.746000+00:00,control,easy,1,transfer,91,31
2,21.0,prediction,EC,explanation,control,,,,,,,,,1.0,,control_screen_response,2292.922999999835,hidden,3.0,,,,2.0,ab,ba,0.4,0.0,ab,ab,True,2023-08-17 16:11:10.059000+00:00,control,easy,2,transfer,92,32
2,21.0,prediction,EC,explanation,control,,,,,,,,,2.0,,control_screen_response,4180.195999999996,hidden,0.0,,,,2.0,aa,bb,0.0,1.0,bb,aa,False,2023-08-17 16:11:17.261000+00:00,control,easy,3,transfer,93,33
2,21.0,prediction,EC,explanation,control,,,,,,,,,3.0,,control_screen_response,100.0669999999227,hidden,3.0,,,,3.0,bb,ba,1.0,0.0,bb,ba,False,2023-08-17 16:11:20.380000+00:00,control,easy,4,transfer,94,34
2,21.0,prediction,EC,explanation,control,,,,,,,,,4.0,,control_screen_response,3068.9309999999823,hidden,3.0,,,,2.0,aa,bb,0.4,0.0,aa,aa,True,2023-08-17 16:11:26.464000+00:00,control,easy,5,transfer,95,35
2,21.0,prediction,EC,explanation,control,,,,,,,,,5.0,,control_screen_response,4412.558999999892,hidden,3.0,,,,1.0,aa,ba,0.0,0.6,ba,aa,False,2023-08-17 16:11:33.890000+00:00,control,easy,6,transfer,96,36
2,21.0,prediction,EC,explanation,control,,,,,,,,,6.0,,control_screen_response,819.0559999998659,hidden,2.0,,,,1.0,ab,aa,0.0,0.24,aa,aa,True,2023-08-17 16:11:37.728000+00:00,control,easy,7,transfer,97,37
2,21.0,prediction,EC,explanation,control,,,,,,,,,7.0,,control_screen_response,1256.94599999988,hidden,0.0,,,,3.0,ab,aa,0.0,0.4,aa,ab,False,2023-08-17 16:11:41.998000+00:00,control,easy,8,transfer,98,38
2,21.0,prediction,EC,explanation,control,,,,,,,,,8.0,,control_screen_response,1019.3709999999264,hidden,2.0,,,,3.0,aa,ab,0.0,0.4,ab,ab,True,2023-08-17 16:11:46.026000+00:00,control,easy,9,transfer,99,39
2,21.0,prediction,EC,explanation,control,,,,,,,,,9.0,,control_screen_response,2591.0569999999134,hidden,0.0,,,,0.0,aa,ab,0.6,0.0,aa,ab,False,2023-08-17 16:11:51.630000+00:00,control,easy,10,transfer,100,40
3,21.0,explanation,PC,prediction,control,2.0,,,,,,0.0,,,,explanation_screen_response,1399.061000047688,visible,0.0,a,2.0,b,2.0,,,,,2,2,True,2023-08-17 16:05:12.279000+00:00,explanation,easy,16,feedback,16,16
3,21.0,explanation,PC,prediction,control,2.0,,,,,,1.0,,,,explanation_screen_response,1929.962000047672,visible,2.0,a,0.0,a,2.0,,,,,1,1,True,2023-08-17 16:05:19.543000+00:00,explanation,easy,17,feedback,17,17
3,21.0,explanation,PC,prediction,control,2.0,,,,,,2.0,,,,explanation_screen_response,1412.7530000476982,visible,0.0,b,2.0,a,3.0,,,,,2,2,True,2023-08-17 16:05:26.279000+00:00,explanation,easy,18,feedback,18,18
3,21.0,explanation,PC,prediction,control,2.0,,,,,,3.0,,,,explanation_screen_response,1002.2910000238336,visible,0.0,a,2.0,a,0.0,,,,,2,2,True,2023-08-17 16:05:32.615000+00:00,explanation,easy,19,feedback,19,19
3,21.0,explanation,PC,prediction,control,2.0,,,,,,4.0,,,,explanation_screen_response,2032.02100004768,visible,0.0,b,2.0,b,2.0,,,,,2,2,True,2023-08-17 16:05:39.991000+00:00,explanation,easy,20,feedback,20,20
3,21.0,explanation,PC,prediction,control,2.0,,,,,,5.0,,,,explanation_screen_response,1346.8760000476614,visible,3.0,a,1.0,a,0.0,,,,,1,2,False,2023-08-17 16:05:46.679000+00:00,explanation,easy,21,feedback,21,21
3,21.0,explanation,PC,prediction,control,2.0,,,,,,6.0,,,,explanation_screen_response,1659.4349999999977,visible,0.0,b,2.0,a,0.0,,,,,2,2,True,2023-08-17 16:05:53.671000+00:00,explanation,easy,22,feedback,22,22
3,21.0,explanation,PC,prediction,control,2.0,,,,,,7.0,,,,explanation_screen_response,1387.2730000238516,visible,3.0,a,0.0,a,2.0,,,,,1,1,True,2023-08-17 16:06:00.399000+00:00,explanation,easy,23,feedback,23,23
3,21.0,explanation,PC,prediction,control,2.0,,,,,,8.0,,,,explanation_screen_response,1795.6700000476558,visible,0.0,b,2.0,a,3.0,,,,,2,2,True,2023-08-17 16:06:07.527000+00:00,explanation,easy,24,feedback,24,24
3,21.0,explanation,PC,prediction,control,2.0,,,,,,9.0,,,,explanation_screen_response,2115.789000047662,visible,3.0,a,1.0,b,0.0,,,,,1,1,True,2023-08-17 16:06:14.967000+00:00,explanation,easy,25,feedback,25,25
3,21.0,explanation,PC,prediction,control,2.0,,,,,,10.0,,,,explanation_screen_response,2028.1480000476583,visible,2.0,a,0.0,b,2.0,,,,,1,1,True,2023-08-17 16:06:22.319000+00:00,explanation,easy,26,feedback,26,26
3,21.0,explanation,PC,prediction,control,2.0,,,,,,11.0,,,,explanation_screen_response,1377.5780000238449,visible,0.0,b,2.0,b,2.0,,,,,2,1,False,2023-08-17 16:06:29.015000+00:00,explanation,easy,27,feedback,27,27
3,21.0,explanation,PC,prediction,control,2.0,,,,,,12.0,,,,explanation_screen_response,1396.460000023828,visible,3.0,a,1.0,b,0.0,,,,,1,2,False,2023-08-17 16:06:35.727000+00:00,explanation,easy,28,feedback,28,28
3,21.0,explanation,PC,prediction,control,2.0,,,,,,13.0,,,,explanation_screen_response,1284.862000047695,visible,0.0,a,2.0,a,0.0,,,,,2,1,False,2023-08-17 16:06:42.335000+00:00,explanation,easy,29,feedback,29,29
3,21.0,explanation,PC,prediction,control,2.0,,,,,,14.0,,,,explanation_screen_response,1149.0490000476711,visible,2.0,a,0.0,a,2.0,,,,,1,1,True,2023-08-17 16:06:48.799000+00:00,explanation,easy,30,feedback,30,30
3,21.0,explanation,PC,prediction,control,2.0,,,,,0.0,,,,,explanation_screen_response,4188.266000023868,hidden,0.0,a,,a,3.0,,,,,2,1,False,2023-08-17 16:08:59.287000+00:00,explanation,easy,16,feedback,46,46
3,21.0,explanation,PC,prediction,control,2.0,,,,,1.0,,,,,explanation_screen_response,693.7900000119116,hidden,0.0,a,,a,0.0,,,,,2,2,True,2023-08-17 16:09:05.312000+00:00,explanation,easy,17,feedback,47,47
3,21.0,explanation,PC,prediction,control,2.0,,,,,2.0,,,,,explanation_screen_response,988.792000047688,hidden,0.0,b,,b,2.0,,,,,2,1,False,2023-08-17 16:09:11.607000+00:00,explanation,easy,18,feedback,48,48
3,21.0,explanation,PC,prediction,control,2.0,,,,,3.0,,,,,explanation_screen_response,1098.4210000477033,hidden,3.0,a,,b,2.0,,,,,1,2,False,2023-08-17 16:09:18.023000+00:00,explanation,easy,19,feedback,49,49
3,21.0,explanation,PC,prediction,control,2.0,,,,,4.0,,,,,explanation_screen_response,653.2760000476846,hidden,3.0,a,,b,0.0,,,,,1,1,True,2023-08-17 16:09:24.031000+00:00,explanation,easy,20,feedback,50,50
3,21.0,explanation,PC,prediction,control,2.0,,,,,5.0,,,,,explanation_screen_response,733.5270000476739,hidden,0.0,b,,a,0.0,,,,,2,2,True,2023-08-17 16:09:30.071000+00:00,explanation,easy,21,feedback,51,51
3,21.0,explanation,PC,prediction,control,2.0,,,,,6.0,,,,,explanation_screen_response,865.4690000119153,hidden,3.0,b,,a,0.0,,,,,2,2,True,2023-08-17 16:09:36.256000+00:00,explanation,easy,22,feedback,52,52
3,21.0,explanation,PC,prediction,control,2.0,,,,,7.0,,,,,explanation_screen_response,1189.875000047672,hidden,0.0,b,,b,2.0,,,,,2,1,False,2023-08-17 16:09:42.767000+00:00,explanation,easy,23,feedback,53,53
3,21.0,explanation,PC,prediction,control,2.0,,,,,8.0,,,,,explanation_screen_response,1427.4190000238596,hidden,3.0,a,,a,2.0,,,,,1,1,True,2023-08-17 16:09:49.511000+00:00,explanation,easy,24,feedback,54,54
3,21.0,explanation,PC,prediction,control,2.0,,,,,9.0,,,,,explanation_screen_response,641.0250000476371,hidden,0.0,b,,a,0.0,,,,,2,2,True,2023-08-17 16:09:55.471000+00:00,explanation,easy,25,feedback,55,55
3,21.0,explanation,PC,prediction,control,2.0,,,,,10.0,,,,,explanation_screen_response,1193.28900004772,hidden,2.0,b,,b,2.0,,,,,2,2,True,2023-08-17 16:10:01.983000+00:00,explanation,easy,26,feedback,56,56
3,21.0,explanation,PC,prediction,control,2.0,,,,,11.0,,,,,explanation_screen_response,532.1210000476567,hidden,3.0,b,,a,0.0,,,,,2,2,True,2023-08-17 16:10:07.855000+00:00,explanation,easy,27,feedback,57,57
3,21.0,explanation,PC,prediction,control,2.0,,,,,12.0,,,,,explanation_screen_response,446.96200002380647,hidden,2.0,a,,a,2.0,,,,,1,1,True,2023-08-17 16:10:13.623000+00:00,explanation,easy,28,feedback,58,58
3,21.0,explanation,PC,prediction,control,2.0,,,,,13.0,,,,,explanation_screen_response,615.1310000238009,hidden,3.0,a,,a,2.0,,,,,1,1,True,2023-08-17 16:10:19.551000+00:00,explanation,easy,29,feedback,59,59
3,21.0,explanation,PC,prediction,control,2.0,,,,,14.0,,,,,explanation_screen_response,455.3770000238437,hidden,0.0,a,,a,0.0,,,,,2,2,True,2023-08-17 16:10:25.351000+00:00,explanation,easy,30,feedback,60,60
3,21.0,explanation,PC,prediction,control,,,,,,,,0.0,,,prediction_screen_response,2132.944999999949,visible,2.0,a,3.0,a,,0,3,0.4,0.0,0,0,True,2023-08-17 16:11:09.480000+00:00,prediction,easy,1,transfer,61,1
3,21.0,explanation,PC,prediction,control,,,,,,,,1.0,,,prediction_screen_response,1497.1040000476642,visible,3.0,a,1.0,b,,3,0,0.0,1.0,0,3,False,2023-08-17 16:11:14.511000+00:00,prediction,easy,2,transfer,62,2
3,21.0,explanation,PC,prediction,control,,,,,,,,2.0,,,prediction_screen_response,1481.314000047627,visible,3.0,a,1.0,a,,0,1,1.0,0.0,0,1,False,2023-08-17 16:11:19.495000+00:00,prediction,easy,3,transfer,63,3
3,21.0,explanation,PC,prediction,control,,,,,,,,3.0,,,prediction_screen_response,1774.6900000238093,visible,3.0,b,3.0,a,,1,3,0.6,0.0,1,3,False,2023-08-17 16:11:24.775000+00:00,prediction,easy,4,transfer,64,4
3,21.0,explanation,PC,prediction,control,,,,,,,,4.0,,,prediction_screen_response,1897.7140000476504,visible,1.0,b,0.0,b,,2,1,1.0,0.0,2,2,True,2023-08-17 16:11:30.191000+00:00,prediction,easy,5,transfer,65,5
3,21.0,explanation,PC,prediction,control,,,,,,,,5.0,,,prediction_screen_response,1009.913000011933,visible,1.0,a,0.0,a,,2,0,1.0,0.0,2,0,False,2023-08-17 16:11:34.703000+00:00,prediction,easy,6,transfer,66,6
3,21.0,explanation,PC,prediction,control,,,,,,,,6.0,,,prediction_screen_response,1276.668000023812,visible,3.0,b,3.0,b,,1,3,0.0,1.0,3,1,False,2023-08-17 16:11:39.503000+00:00,prediction,easy,7,transfer,67,7
3,21.0,explanation,PC,prediction,control,,,,,,,,7.0,,,prediction_screen_response,789.5420000357553,visible,0.0,b,2.0,b,,2,3,1.0,0.0,2,2,True,2023-08-17 16:11:43.816000+00:00,prediction,easy,8,transfer,68,8
3,21.0,explanation,PC,prediction,control,,,,,,,,8.0,,,prediction_screen_response,1471.66400004772,visible,2.0,a,3.0,a,,3,1,0.0,0.6,1,3,False,2023-08-17 16:11:48.791000+00:00,prediction,easy,9,transfer,69,9
3,21.0,explanation,PC,prediction,control,,,,,,,,9.0,,,prediction_screen_response,2498.417000023881,visible,2.0,b,2.0,a,,1,3,0.0,0.4,3,3,True,2023-08-17 16:11:54.791000+00:00,prediction,easy,10,transfer,70,10
3,21.0,explanation,PC,prediction,control,,,,,,,,0.0,,,prediction_screen_response,2902.1220000357134,hidden,0.0,b,,a,,3,0,0.4,0.6,0,0,True,2023-08-17 16:12:01.248000+00:00,prediction,easy,1,transfer,71,11
3,21.0,explanation,PC,prediction,control,,,,,,,,1.0,,,prediction_screen_response,3128.0990000237944,hidden,3.0,b,,a,,3,1,0.0,0.6,1,1,True,2023-08-17 16:12:07.407000+00:00,prediction,easy,2,transfer,72,12
3,21.0,explanation,PC,prediction,control,,,,,,,,2.0,,,prediction_screen_response,1877.8590000476688,hidden,2.0,b,,a,,1,3,0.0,0.4,3,1,False,2023-08-17 16:12:12.303000+00:00,prediction,easy,3,transfer,73,13
3,21.0,explanation,PC,prediction,control,,,,,,,,3.0,,,prediction_screen_response,800.613000047626,hidden,3.0,a,,b,,2,1,0.4,0.0,2,2,True,2023-08-17 16:12:16.119000+00:00,prediction,easy,4,transfer,74,14
3,21.0,explanation,PC,prediction,control,,,,,,,,4.0,,,prediction_screen_response,1627.423000047682,hidden,1.0,b,,a,,2,1,1.0,0.0,2,1,False,2023-08-17 16:12:20.759000+00:00,prediction,easy,5,transfer,75,15
3,21.0,explanation,PC,prediction,control,,,,,,,,5.0,,,prediction_screen_response,635.5810000477359,hidden,2.0,a,,a,,3,1,0.0,0.24,1,1,True,2023-08-17 16:12:24.407000+00:00,prediction,easy,6,transfer,76,16
3,21.0,explanation,PC,prediction,control,,,,,,,,6.0,,,prediction_screen_response,2150.3120000239,hidden,3.0,a,,a,,2,1,0.4,0.0,2,2,True,2023-08-17 16:12:29.575000+00:00,prediction,easy,7,transfer,77,17
3,21.0,explanation,PC,prediction,control,,,,,,,,7.0,,,prediction_screen_response,2182.600000047707,hidden,0.0,a,,a,,1,0,0.0,0.6,0,0,True,2023-08-17 16:12:34.767000+00:00,prediction,easy,8,transfer,78,18
3,21.0,explanation,PC,prediction,control,,,,,,,,8.0,,,prediction_screen_response,2006.7060000238707,hidden,2.0,a,,b,,0,3,0.0,0.4,3,0,False,2023-08-17 16:12:39.791000+00:00,prediction,easy,9,transfer,79,19
3,21.0,explanation,PC,prediction,control,,,,,,,,9.0,,,prediction_screen_response,1353.62800004764,hidden,2.0,a,,b,,1,3,0.0,0.4,3,1,False,2023-08-17 16:12:44.151000+00:00,prediction,easy,10,transfer,80,20
3,21.0,explanation,PC,prediction,control,,,,,,,,,0.0,,control_screen_response,2079.807000047644,visible,3.0,b,3.0,,3.0,a,b,0.0,1.0,b,a,False,2023-08-17 16:13:08.023000+00:00,control,easy,1,transfer,81,21
3,21.0,explanation,PC,prediction,control,,,,,,,,,1.0,,control_screen_response,850.6820000476437,visible,0.0,b,2.0,,2.0,a,b,0.0,1.0,b,b,True,2023-08-17 16:13:12.407000+00:00,control,easy,2,transfer,82,22
3,21.0,explanation,PC,prediction,control,,,,,,,,,2.0,,control_screen_response,645.6290000119479,visible,0.0,a,2.0,,0.0,a,b,0.6,0.0,a,a,True,2023-08-17 16:13:16.575000+00:00,control,easy,3,transfer,83,23
3,21.0,explanation,PC,prediction,control,,,,,,,,,3.0,,control_screen_response,1765.5820000238018,visible,2.0,a,3.0,,3.0,a,b,0.0,1.0,b,a,False,2023-08-17 16:13:21.855000+00:00,control,easy,4,transfer,84,24
3,21.0,explanation,PC,prediction,control,,,,,,,,,4.0,,control_screen_response,661.8260000477312,visible,3.0,b,3.0,,0.0,a,b,0.4,0.0,a,a,True,2023-08-17 16:13:26.031000+00:00,control,easy,5,transfer,85,25
3,21.0,explanation,PC,prediction,control,,,,,,,,,5.0,,control_screen_response,1070.005000047735,visible,0.0,a,2.0,,2.0,a,b,0.0,1.0,b,a,False,2023-08-17 16:13:30.599000+00:00,control,easy,6,transfer,86,26
3,21.0,explanation,PC,prediction,control,,,,,,,,,6.0,,control_screen_response,848.8120000476483,visible,0.0,a,2.0,,3.0,a,b,0.4,0.0,a,b,False,2023-08-17 16:13:34.951000+00:00,control,easy,7,transfer,87,27
3,21.0,explanation,PC,prediction,control,,,,,,,,,7.0,,control_screen_response,763.6620000477415,visible,2.0,b,2.0,,2.0,a,b,0.0,1.0,b,b,True,2023-08-17 16:13:39.239000+00:00,control,easy,8,transfer,88,28
3,21.0,explanation,PC,prediction,control,,,,,,,,,8.0,,control_screen_response,529.1030000477331,visible,0.0,b,2.0,,3.0,a,b,0.4,0.0,a,a,True,2023-08-17 16:13:43.271000+00:00,control,easy,9,transfer,89,29
3,21.0,explanation,PC,prediction,control,,,,,,,,,9.0,,control_screen_response,427.85300002386793,visible,2.0,a,3.0,,1.0,a,b,0.6,0.0,a,b,False,2023-08-17 16:13:47.223000+00:00,control,easy,10,transfer,90,30
3,21.0,explanation,PC,prediction,control,,,,,,,,,0.0,,control_screen_response,3105.2850000476465,hidden,3.0,,,,2.0,ab,ba,0.4,0.0,ab,ab,True,2023-08-17 16:13:54.047000+00:00,control,easy,1,transfer,91,31
3,21.0,explanation,PC,prediction,control,,,,,,,,,1.0,,control_screen_response,1220.226000047638,hidden,3.0,,,,1.0,aa,ba,0.0,0.6,ba,aa,False,2023-08-17 16:13:58.295000+00:00,control,easy,2,transfer,92,32
3,21.0,explanation,PC,prediction,control,,,,,,,,,2.0,,control_screen_response,1420.4680000477238,hidden,2.0,,,,1.0,ab,aa,0.0,0.24,aa,ab,False,2023-08-17 16:14:02.735000+00:00,control,easy,3,transfer,93,33
3,21.0,explanation,PC,prediction,control,,,,,,,,,3.0,,control_screen_response,2009.8920000477228,hidden,3.0,,,,3.0,bb,ba,1.0,0.0,bb,bb,True,2023-08-17 16:14:07.751000+00:00,control,easy,4,transfer,94,34
3,21.0,explanation,PC,prediction,control,,,,,,,,,4.0,,control_screen_response,1263.3770000477089,hidden,3.0,,,,2.0,aa,bb,0.4,0.0,aa,bb,False,2023-08-17 16:14:12.031000+00:00,control,easy,5,transfer,95,35
3,21.0,explanation,PC,prediction,control,,,,,,,,,5.0,,control_screen_response,1687.6250000477305,hidden,0.0,,,,0.0,aa,ab,0.6,0.0,aa,aa,True,2023-08-17 16:14:16.735000+00:00,control,easy,6,transfer,96,36
3,21.0,explanation,PC,prediction,control,,,,,,,,,6.0,,control_screen_response,1746.391000047675,hidden,2.0,,,,2.0,aa,bb,0.6,1.0,bb,aa,False,2023-08-17 16:14:21.487000+00:00,control,easy,7,transfer,97,37
3,21.0,explanation,PC,prediction,control,,,,,,,,,7.0,,control_screen_response,1914.4090000238505,hidden,0.0,,,,3.0,ab,aa,0.0,0.4,aa,aa,True,2023-08-17 16:14:26.415000+00:00,control,easy,8,transfer,98,38
3,21.0,explanation,PC,prediction,control,,,,,,,,,8.0,,control_screen_response,1277.39600004768,hidden,0.0,,,,2.0,aa,bb,0.0,1.0,bb,bb,True,2023-08-17 16:14:30.711000+00:00,control,easy,9,transfer,99,39
3,21.0,explanation,PC,prediction,control,,,,,,,,,9.0,,control_screen_response,880.1280000238912,hidden,2.0,,,,3.0,aa,ab,0.0,0.4,ab,aa,False,2023-08-17 16:14:34.607000+00:00,control,easy,10,transfer,100,40
4,21.0,prediction,CE,control,explanation,1.0,,,,0.0,,,,,,prediction_screen_response,5060.337999998534,visible,1.0,b,0.0,b,,2,1,1.0,0.0,2,2,True,2023-08-17 16:06:07.066000+00:00,prediction,easy,1,feedback,1,1
4,21.0,prediction,CE,control,explanation,1.0,,,,1.0,,,,,,prediction_screen_response,3813.172999998496,visible,1.0,a,0.0,a,,2,0,1.0,0.0,2,0,False,2023-08-17 16:06:16.586000+00:00,prediction,easy,2,feedback,2,2
4,21.0,prediction,CE,control,explanation,1.0,,,,2.0,,,,,,prediction_screen_response,3136.7500000029686,visible,3.0,b,3.0,b,,1,3,0.0,1.0,3,3,True,2023-08-17 16:06:25.386000+00:00,prediction,easy,3,feedback,3,3
4,21.0,prediction,CE,control,explanation,1.0,,,,3.0,,,,,,prediction_screen_response,3907.740000001504,visible,1.0,b,0.0,b,,2,1,1.0,0.0,2,2,True,2023-08-17 16:06:34.986000+00:00,prediction,easy,4,feedback,4,4
4,21.0,prediction,CE,control,explanation,1.0,,,,4.0,,,,,,prediction_screen_response,8213.250000002969,visible,3.0,a,1.0,b,,3,0,0.0,1.0,0,0,True,2023-08-17 16:06:48.842000+00:00,prediction,easy,5,feedback,5,5
4,21.0,prediction,CE,control,explanation,1.0,,,,5.0,,,,,,prediction_screen_response,5837.52800000296,visible,3.0,a,1.0,b,,3,0,0.0,1.0,0,0,True,2023-08-17 16:07:00.281000+00:00,prediction,easy,6,feedback,6,6
4,21.0,prediction,CE,control,explanation,1.0,,,,6.0,,,,,,prediction_screen_response,2152.216000000015,visible,3.0,b,3.0,a,,1,3,0.6,0.0,1,1,True,2023-08-17 16:07:08.090000+00:00,prediction,easy,7,feedback,7,7
4,21.0,prediction,CE,control,explanation,1.0,,,,7.0,,,,,,prediction_screen_response,7868.560999998532,visible,2.0,a,3.0,a,,0,3,0.4,0.0,0,0,True,2023-08-17 16:07:21.578000+00:00,prediction,easy,8,feedback,8,8
4,21.0,prediction,CE,control,explanation,1.0,,,,8.0,,,,,,prediction_screen_response,3244.7010000015143,visible,2.0,a,3.0,a,,0,3,0.4,0.0,0,0,True,2023-08-17 16:07:30.473000+00:00,prediction,easy,9,feedback,9,9
4,21.0,prediction,CE,control,explanation,1.0,,,,9.0,,,,,,prediction_screen_response,1550.521000001463,visible,0.0,b,2.0,b,,2,3,1.0,0.0,2,2,True,2023-08-17 16:07:37.690000+00:00,prediction,easy,10,feedback,10,10
4,21.0,prediction,CE,control,explanation,1.0,,,,10.0,,,,,,prediction_screen_response,1688.3269999999902,visible,2.0,a,3.0,a,,3,1,0.0,0.6,1,1,True,2023-08-17 16:07:45.033000+00:00,prediction,easy,11,feedback,11,11
4,21.0,prediction,CE,control,explanation,1.0,,,,11.0,,,,,,prediction_screen_response,3749.237999997044,visible,2.0,b,2.0,a,,1,3,0.0,0.4,3,1,False,2023-08-17 16:07:54.426000+00:00,prediction,easy,12,feedback,12,12
4,21.0,prediction,CE,control,explanation,1.0,,,,12.0,,,,,,prediction_screen_response,2481.7420000000275,visible,0.0,b,2.0,b,,2,3,1.0,0.0,2,2,True,2023-08-17 16:08:02.538000+00:00,prediction,easy,13,feedback,13,13
4,21.0,prediction,CE,control,explanation,1.0,,,,13.0,,,,,,prediction_screen_response,1834.138000003004,visible,3.0,a,1.0,a,,0,1,1.0,0.0,0,0,True,2023-08-17 16:08:10.009000+00:00,prediction,easy,14,feedback,14,14
4,21.0,prediction,CE,control,explanation,1.0,,,,14.0,,,,,,prediction_screen_response,2803.208999997005,visible,3.0,a,1.0,a,,0,1,1.0,0.0,0,0,True,2023-08-17 16:08:18.475000+00:00,prediction,easy,15,feedback,15,15
4,21.0,prediction,CE,control,explanation,2.0,,,0.0,,,,,,,prediction_screen_response,1681.3050000029616,hidden,2.0,a,,a,,3,1,0.0,0.24,1,1,True,2023-08-17 16:11:14.874000+00:00,prediction,easy,16,feedback,31,31
4,21.0,prediction,CE,control,explanation,2.0,,,1.0,,,,,,,prediction_screen_response,3934.934000000008,hidden,1.0,b,,a,,2,1,1.0,0.0,2,1,False,2023-08-17 16:11:24.490000+00:00,prediction,easy,17,feedback,32,32
4,21.0,prediction,CE,control,explanation,2.0,,,2.0,,,,,,,prediction_screen_response,4775.851000002935,hidden,3.0,b,,a,,3,1,0.0,0.6,1,1,True,2023-08-17 16:11:34.954000+00:00,prediction,easy,18,feedback,33,33
4,21.0,prediction,CE,control,explanation,2.0,,,3.0,,,,,,,prediction_screen_response,5459.753999997047,hidden,3.0,a,,a,,2,1,0.4,0.0,2,2,True,2023-08-17 16:11:46.091000+00:00,prediction,easy,19,feedback,34,34
4,21.0,prediction,CE,control,explanation,2.0,,,4.0,,,,,,,prediction_screen_response,5225.256000001449,hidden,0.0,b,,a,,3,0,0.4,0.6,0,0,True,2023-08-17 16:11:57.034000+00:00,prediction,easy,20,feedback,35,35
4,21.0,prediction,CE,control,explanation,2.0,,,5.0,,,,,,,prediction_screen_response,3219.4110000029905,hidden,3.0,a,,b,,2,1,0.4,0.0,2,2,True,2023-08-17 16:12:05.897000+00:00,prediction,easy,21,feedback,36,36
4,21.0,prediction,CE,control,explanation,2.0,,,6.0,,,,,,,prediction_screen_response,5213.450999998488,hidden,2.0,b,,a,,1,3,0.0,0.4,3,3,True,2023-08-17 16:12:16.778000+00:00,prediction,easy,22,feedback,37,37
4,21.0,prediction,CE,control,explanation,2.0,,,7.0,,,,,,,prediction_screen_response,1552.0839999985185,hidden,2.0,a,,a,,3,1,0.0,0.24,1,1,True,2023-08-17 16:12:24.010000+00:00,prediction,easy,23,feedback,38,38
4,21.0,prediction,CE,control,explanation,2.0,,,8.0,,,,,,,prediction_screen_response,3282.488000001525,hidden,2.0,a,,b,,1,3,0.0,0.4,3,3,True,2023-08-17 16:12:32.954000+00:00,prediction,easy,24,feedback,39,39
4,21.0,prediction,CE,control,explanation,2.0,,,9.0,,,,,,,prediction_screen_response,4381.01099999703,hidden,0.0,a,,a,,1,0,0.0,0.6,0,0,True,2023-08-17 16:12:43.050000+00:00,prediction,easy,25,feedback,40,40
4,21.0,prediction,CE,control,explanation,2.0,,,10.0,,,,,,,prediction_screen_response,1816.9440000000177,hidden,0.0,a,,a,,1,0,0.0,0.6,0,0,True,2023-08-17 16:12:50.474000+00:00,prediction,easy,26,feedback,41,41
4,21.0,prediction,CE,control,explanation,2.0,,,11.0,,,,,,,prediction_screen_response,3307.422000001534,hidden,1.0,b,,a,,2,1,1.0,0.0,2,1,False,2023-08-17 16:12:59.466000+00:00,prediction,easy,27,feedback,42,42
4,21.0,prediction,CE,control,explanation,2.0,,,12.0,,,,,,,prediction_screen_response,4700.988000000012,hidden,2.0,a,,b,,0,3,0.0,0.4,3,3,True,2023-08-17 16:13:09.818000+00:00,prediction,easy,28,feedback,43,43
4,21.0,prediction,CE,control,explanation,2.0,,,13.0,,,,,,,prediction_screen_response,3365.13200000301,hidden,3.0,b,,a,,3,1,0.0,0.6,1,1,True,2023-08-17 16:13:18.857000+00:00,prediction,easy,29,feedback,44,44
4,21.0,prediction,CE,control,explanation,2.0,,,14.0,,,,,,,prediction_screen_response,2872.504999998492,hidden,2.0,a,,b,,1,3,0.0,0.4,3,3,True,2023-08-17 16:13:27.402000+00:00,prediction,easy,30,feedback,45,45
4,21.0,prediction,CE,control,explanation,,,,,,,,,0.0,,control_screen_response,904.8760000000476,visible,2.0,a,3.0,,3.0,a,b,0.0,1.0,b,b,True,2023-08-17 16:14:30.394000+00:00,control,easy,1,transfer,46,1
4,21.0,prediction,CE,control,explanation,,,,,,,,,1.0,,control_screen_response,3226.7869999969844,visible,0.0,b,2.0,,2.0,a,b,0.0,1.0,b,b,True,2023-08-17 16:14:37.514000+00:00,control,easy,2,transfer,47,2
4,21.0,prediction,CE,control,explanation,,,,,,,,,2.0,,control_screen_response,2728.9110000029905,visible,3.0,b,3.0,,0.0,a,b,0.4,0.0,a,a,True,2023-08-17 16:14:44.090000+00:00,control,easy,3,transfer,48,3
4,21.0,prediction,CE,control,explanation,,,,,,,,,3.0,,control_screen_response,3331.8370000014547,visible,0.0,b,2.0,,3.0,a,b,0.4,0.0,a,a,True,2023-08-17 16:14:51.274000+00:00,control,easy,4,transfer,49,4
4,21.0,prediction,CE,control,explanation,,,,,,,,,4.0,,control_screen_response,2348.986000000033,visible,0.0,a,2.0,,0.0,a,b,0.6,0.0,a,a,True,2023-08-17 16:14:57.450000+00:00,control,easy,5,transfer,50,5
4,21.0,prediction,CE,control,explanation,,,,,,,,,5.0,,control_screen_response,870.0760000000009,visible,2.0,b,2.0,,2.0,a,b,0.0,1.0,b,b,True,2023-08-17 16:15:02.154000+00:00,control,easy,6,transfer,51,6
4,21.0,prediction,CE,control,explanation,,,,,,,,,6.0,,control_screen_response,1304.4309999999823,visible,2.0,a,3.0,,1.0,a,b,0.6,0.0,a,a,True,2023-08-17 16:15:07.337000+00:00,control,easy,7,transfer,52,7
4,21.0,prediction,CE,control,explanation,,,,,,,,,7.0,,control_screen_response,3139.09699999995,visible,0.0,a,2.0,,3.0,a,b,0.4,0.0,a,a,True,2023-08-17 16:15:14.282000+00:00,control,easy,8,transfer,53,8
4,21.0,prediction,CE,control,explanation,,,,,,,,,8.0,,control_screen_response,796.7079999999842,visible,0.0,a,2.0,,2.0,a,b,0.0,1.0,b,b,True,2023-08-17 16:15:18.890000+00:00,control,easy,9,transfer,54,9
4,21.0,prediction,CE,control,explanation,,,,,,,,,9.0,,control_screen_response,2506.59699999995,visible,3.0,b,3.0,,3.0,a,b,0.0,1.0,b,b,True,2023-08-17 16:15:25.210000+00:00,control,easy,10,transfer,55,10
4,21.0,prediction,CE,control,explanation,,,,,,,,,0.0,,control_screen_response,6370.626999998465,hidden,3.0,,,,1.0,aa,ba,0.0,0.6,ba,ba,True,2023-08-17 16:15:35.786000+00:00,control,easy,1,transfer,56,11
4,21.0,prediction,CE,control,explanation,,,,,,,,,1.0,,control_screen_response,5288.908000002964,hidden,0.0,,,,3.0,ab,aa,0.0,0.4,aa,ab,False,2023-08-17 16:15:44.457000+00:00,control,easy,2,transfer,57,12
4,21.0,prediction,CE,control,explanation,,,,,,,,,2.0,,control_screen_response,1987.9059999970489,hidden,3.0,,,,3.0,bb,ba,1.0,0.0,bb,bb,True,2023-08-17 16:15:49.802000+00:00,control,easy,3,transfer,58,13
4,21.0,prediction,CE,control,explanation,,,,,,,,,3.0,,control_screen_response,2063.09699999995,hidden,2.0,,,,2.0,aa,bb,0.6,1.0,bb,bb,True,2023-08-17 16:15:55.195000+00:00,control,easy,4,transfer,59,14
4,21.0,prediction,CE,control,explanation,,,,,,,,,4.0,,control_screen_response,2578.6410000014585,hidden,3.0,,,,2.0,aa,bb,0.4,0.0,aa,aa,True,2023-08-17 16:16:01.113000+00:00,control,easy,5,transfer,60,15
4,21.0,prediction,CE,control,explanation,,,,,,,,,5.0,,control_screen_response,3946.531999998493,hidden,2.0,,,,1.0,ab,aa,0.0,0.24,aa,ab,False,2023-08-17 16:16:08.362000+00:00,control,easy,6,transfer,61,16
4,21.0,prediction,CE,control,explanation,,,,,,,,,6.0,,control_screen_response,4610.673999996972,hidden,0.0,,,,2.0,aa,bb,0.0,1.0,bb,aa,False,2023-08-17 16:16:16.314000+00:00,control,easy,7,transfer,62,17
4,21.0,prediction,CE,control,explanation,,,,,,,,,7.0,,control_screen_response,2806.6410000014585,hidden,0.0,,,,0.0,aa,ab,0.6,0.0,aa,ab,False,2023-08-17 16:16:22.473000+00:00,control,easy,8,transfer,63,18
4,21.0,prediction,CE,control,explanation,,,,,,,,,8.0,,control_screen_response,4227.17499999702,hidden,3.0,,,,2.0,ab,ba,0.4,0.0,ab,ab,True,2023-08-17 16:16:30.025000+00:00,control,easy,9,transfer,64,19
4,21.0,prediction,CE,control,explanation,,,,,,,,,9.0,,control_screen_response,3983.562999997055,hidden,2.0,,,,3.0,aa,ab,0.0,0.4,ab,ab,True,2023-08-17 16:16:37.337000+00:00,control,easy,10,transfer,65,20
4,21.0,prediction,CE,control,explanation,,,,,,,,,,0.0,explanation_screen_response,4038.967000002973,visible,3.0,a,1.0,b,0.0,,,,,1,1,True,2023-08-17 16:17:53.850000+00:00,explanation,easy,1,transfer,66,21
4,21.0,prediction,CE,control,explanation,,,,,,,,,,1.0,explanation_screen_response,3462.2060000000056,visible,0.0,b,2.0,a,3.0,,,,,2,2,True,2023-08-17 16:18:00.714000+00:00,explanation,easy,2,transfer,67,22
4,21.0,prediction,CE,control,explanation,,,,,,,,,,2.0,explanation_screen_response,1108.6390000015963,visible,0.0,a,2.0,b,2.0,,,,,2,2,True,2023-08-17 16:18:05.210000+00:00,explanation,easy,3,transfer,68,23
4,21.0,prediction,CE,control,explanation,,,,,,,,,,3.0,explanation_screen_response,3505.662000003038,visible,2.0,a,0.0,a,2.0,,,,,1,1,True,2023-08-17 16:18:12.106000+00:00,explanation,easy,4,transfer,69,24
4,21.0,prediction,CE,control,explanation,,,,,,,,,,4.0,explanation_screen_response,1233.1390000015963,visible,2.0,a,0.0,b,2.0,,,,,1,2,False,2023-08-17 16:18:16.617000+00:00,explanation,easy,5,transfer,70,25
4,21.0,prediction,CE,control,explanation,,,,,,,,,,5.0,explanation_screen_response,1695.215999998618,visible,0.0,b,2.0,b,2.0,,,,,2,2,True,2023-08-17 16:18:21.642000+00:00,explanation,easy,6,transfer,71,26
4,21.0,prediction,CE,control,explanation,,,,,,,,,,6.0,explanation_screen_response,3354.8610000014305,visible,0.0,a,2.0,a,0.0,,,,,2,2,True,2023-08-17 16:18:28.299000+00:00,explanation,easy,7,transfer,72,27
4,21.0,prediction,CE,control,explanation,,,,,,,,,,7.0,explanation_screen_response,5184.893999997061,visible,3.0,a,1.0,a,0.0,,,,,1,2,False,2023-08-17 16:18:36.857000+00:00,explanation,easy,8,transfer,73,28
4,21.0,prediction,CE,control,explanation,,,,,,,,,,8.0,explanation_screen_response,2591.594000000041,visible,3.0,a,0.0,a,2.0,,,,,1,2,False,2023-08-17 16:18:42.745000+00:00,explanation,easy,9,transfer,74,29
4,21.0,prediction,CE,control,explanation,,,,,,,,,,9.0,explanation_screen_response,3917.1480000014417,visible,0.0,b,2.0,a,0.0,,,,,2,1,False,2023-08-17 16:18:49.993000+00:00,explanation,easy,10,transfer,75,30
4,21.0,prediction,CE,control,explanation,,,,,,,,,,0.0,explanation_screen_response,2902.294000003021,hidden,3.0,a,,b,2.0,,,,,1,2,False,2023-08-17 16:18:56.362000+00:00,explanation,easy,1,transfer,76,31
4,21.0,prediction,CE,control,explanation,,,,,,,,,,1.0,explanation_screen_response,3191.615999997128,hidden,3.0,a,,b,0.0,,,,,1,2,False,2023-08-17 16:19:02.938000+00:00,explanation,easy,2,transfer,77,32
4,21.0,prediction,CE,control,explanation,,,,,,,,,,2.0,explanation_screen_response,2297.6930000016,hidden,2.0,a,,a,2.0,,,,,1,1,True,2023-08-17 16:19:08.570000+00:00,explanation,easy,3,transfer,78,33
4,21.0,prediction,CE,control,explanation,,,,,,,,,,3.0,explanation_screen_response,3974.016000003088,hidden,3.0,a,,a,2.0,,,,,1,1,True,2023-08-17 16:19:15.882000+00:00,explanation,easy,4,transfer,79,34
4,21.0,prediction,CE,control,explanation,,,,,,,,,,4.0,explanation_screen_response,2209.2039999999106,hidden,0.0,a,,a,3.0,,,,,2,2,True,2023-08-17 16:19:21.402000+00:00,explanation,easy,5,transfer,80,35
4,21.0,prediction,CE,control,explanation,,,,,,,,,,5.0,explanation_screen_response,1937.3710000000428,hidden,2.0,b,,b,2.0,,,,,2,2,True,2023-08-17 16:19:26.667000+00:00,explanation,easy,6,transfer,81,36
4,21.0,prediction,CE,control,explanation,,,,,,,,,,6.0,explanation_screen_response,1683.5039999969304,hidden,0.0,b,,b,2.0,,,,,2,2,True,2023-08-17 16:19:31.754000+00:00,explanation,easy,7,transfer,82,37
4,21.0,prediction,CE,control,explanation,,,,,,,,,,7.0,explanation_screen_response,2484.148999999976,hidden,0.0,b,,a,0.0,,,,,2,2,True,2023-08-17 16:19:37.609000+00:00,explanation,easy,8,transfer,83,38
4,21.0,prediction,CE,control,explanation,,,,,,,,,,8.0,explanation_screen_response,1740.015999997035,hidden,0.0,a,,a,0.0,,,,,2,1,False,2023-08-17 16:19:42.651000+00:00,explanation,easy,9,transfer,84,39
4,21.0,prediction,CE,control,explanation,,,,,,,,,,9.0,explanation_screen_response,2253.448999996996,hidden,3.0,b,,a,0.0,,,,,2,2,True,2023-08-17 16:19:48.281000+00:00,explanation,easy,10,transfer,85,40
5,21.0,control,EP,explanation,prediction,1.0,,0.0,,,,,,,,control_screen_response,4469.228999999992,visible,0.0,a,2.0,,0.0,a,b,0.6,0.0,a,a,True,2023-08-17 16:14:06.417000+00:00,control,easy,1,feedback,1,1
5,21.0,control,EP,explanation,prediction,1.0,,1.0,,,,,,,,control_screen_response,3218.1380000000063,visible,0.0,a,2.0,,2.0,a,b,0.0,1.0,b,b,True,2023-08-17 16:14:14.949000+00:00,control,easy,2,feedback,2,2
5,21.0,control,EP,explanation,prediction,1.0,,2.0,,,,,,,,control_screen_response,3953.1410000238393,visible,0.0,b,2.0,,2.0,a,b,0.0,1.0,b,b,True,2023-08-17 16:14:24.217000+00:00,control,easy,3,feedback,3,3
5,21.0,control,EP,explanation,prediction,1.0,,3.0,,,,,,,,control_screen_response,3670.546999999992,visible,2.0,b,2.0,,2.0,a,b,0.0,1.0,b,b,True,2023-08-17 16:14:33.201000+00:00,control,easy,4,feedback,4,4
5,21.0,control,EP,explanation,prediction,1.0,,4.0,,,,,,,,control_screen_response,9597.41399999999,visible,0.0,b,2.0,,2.0,a,b,0.0,1.0,b,b,True,2023-08-17 16:14:48.111000+00:00,control,easy,5,feedback,5,5
5,21.0,control,EP,explanation,prediction,1.0,,5.0,,,,,,,,control_screen_response,1139.097999999998,visible,3.0,b,3.0,,3.0,a,b,0.0,1.0,b,b,True,2023-08-17 16:14:54.569000+00:00,control,easy,6,feedback,6,6
5,21.0,control,EP,explanation,prediction,1.0,,6.0,,,,,,,,control_screen_response,3596.5869999999995,visible,0.0,b,2.0,,3.0,a,b,0.4,0.0,a,a,True,2023-08-17 16:15:03.493000+00:00,control,easy,7,feedback,7,7
5,21.0,control,EP,explanation,prediction,1.0,,7.0,,,,,,,,control_screen_response,1410.0490000357677,visible,2.0,a,3.0,,3.0,a,b,0.0,1.0,b,a,False,2023-08-17 16:15:10.223000+00:00,control,easy,8,feedback,8,8
5,21.0,control,EP,explanation,prediction,1.0,,8.0,,,,,,,,control_screen_response,4242.8170000357495,visible,0.0,b,2.0,,3.0,a,b,0.4,0.0,a,a,True,2023-08-17 16:15:19.789000+00:00,control,easy,9,feedback,9,9
5,21.0,control,EP,explanation,prediction,1.0,,9.0,,,,,,,,control_screen_response,2142.5130000000063,visible,0.0,a,2.0,,3.0,a,b,0.4,0.0,a,b,False,2023-08-17 16:15:27.256000+00:00,control,easy,10,feedback,10,10
5,21.0,control,EP,explanation,prediction,1.0,,10.0,,,,,,,,control_screen_response,995.7449999999952,visible,0.0,a,2.0,,3.0,a,b,0.4,0.0,a,a,True,2023-08-17 16:15:33.576000+00:00,control,easy,11,feedback,11,11
5,21.0,control,EP,explanation,prediction,1.0,,11.0,,,,,,,,control_screen_response,713.5219999999972,visible,2.0,a,3.0,,1.0,a,b,0.6,0.0,a,a,True,2023-08-17 16:15:39.610000+00:00,control,easy,12,feedback,12,12
5,21.0,control,EP,explanation,prediction,1.0,,12.0,,,,,,,,control_screen_response,863.9400000357418,visible,3.0,b,3.0,,3.0,a,b,0.0,1.0,b,b,True,2023-08-17 16:15:45.793000+00:00,control,easy,13,feedback,13,13
5,21.0,control,EP,explanation,prediction,1.0,,13.0,,,,,,,,control_screen_response,1373.0430000000051,visible,3.0,b,3.0,,0.0,a,b,0.4,0.0,a,a,True,2023-08-17 16:15:52.486000+00:00,control,easy,14,feedback,14,14
5,21.0,control,EP,explanation,prediction,1.0,,14.0,,,,,,,,control_screen_response,3941.951000000001,visible,2.0,a,3.0,,3.0,a,b,0.0,1.0,b,b,True,2023-08-17 16:16:01.738000+00:00,control,easy,15,feedback,15,15
5,21.0,control,EP,explanation,prediction,1.0,0.0,,,,,,,,,control_screen_response,14142.982000035758,hidden,3.0,,,,2.0,ab,ba,0.4,0.0,ab,ab,True,2023-08-17 16:16:33.671000+00:00,control,easy,1,feedback,16,16
5,21.0,control,EP,explanation,prediction,1.0,1.0,,,,,,,,,control_screen_response,7046.8520000000135,hidden,3.0,,,,3.0,bb,ba,1.0,0.0,bb,bb,True,2023-08-17 16:16:46.041000+00:00,control,easy,2,feedback,17,17
5,21.0,control,EP,explanation,prediction,1.0,2.0,,,,,,,,,control_screen_response,2506.456000035745,hidden,3.0,,,,1.0,aa,ba,0.0,0.6,ba,ba,True,2023-08-17 16:16:53.867000+00:00,control,easy,3,feedback,18,18
5,21.0,control,EP,explanation,prediction,1.0,3.0,,,,,,,,,control_screen_response,643.3620000000228,hidden,0.0,,,,2.0,aa,bb,0.0,1.0,bb,bb,True,2023-08-17 16:16:59.838000+00:00,control,easy,4,feedback,19,19
5,21.0,control,EP,explanation,prediction,1.0,4.0,,,,,,,,,control_screen_response,3292.6560000357567,hidden,0.0,,,,0.0,aa,ab,0.6,0.0,aa,aa,True,2023-08-17 16:17:08.454000+00:00,control,easy,5,feedback,20,20
5,21.0,control,EP,explanation,prediction,1.0,5.0,,,,,,,,,control_screen_response,3800.2930000357446,hidden,3.0,,,,2.0,aa,bb,0.4,0.0,aa,bb,False,2023-08-17 16:17:17.578000+00:00,control,easy,6,feedback,21,21
5,21.0,control,EP,explanation,prediction,1.0,6.0,,,,,,,,,control_screen_response,9081.945999999996,hidden,2.0,,,,3.0,aa,ab,0.0,0.4,ab,ab,True,2023-08-17 16:17:31.975000+00:00,control,easy,7,feedback,22,22
5,21.0,control,EP,explanation,prediction,1.0,7.0,,,,,,,,,control_screen_response,4118.008000011905,hidden,3.0,,,,2.0,aa,bb,0.4,0.0,aa,aa,True,2023-08-17 16:17:41.411000+00:00,control,easy,8,feedback,23,23
5,21.0,control,EP,explanation,prediction,1.0,8.0,,,,,,,,,control_screen_response,2215.078000035777,hidden,2.0,,,,2.0,aa,bb,0.6,1.0,bb,bb,True,2023-08-17 16:17:48.941000+00:00,control,easy,9,feedback,24,24
5,21.0,control,EP,explanation,prediction,1.0,9.0,,,,,,,,,control_screen_response,1427.867000035767,hidden,0.0,,,,3.0,ab,aa,0.0,0.4,aa,ab,False,2023-08-17 16:17:55.687000+00:00,control,easy,10,feedback,25,25
5,21.0,control,EP,explanation,prediction,1.0,10.0,,,,,,,,,control_screen_response,3012.170999999973,hidden,3.0,,,,2.0,ab,ba,0.4,0.0,ab,ab,True,2023-08-17 16:18:04.021000+00:00,control,easy,11,feedback,26,26
5,21.0,control,EP,explanation,prediction,1.0,11.0,,,,,,,,,control_screen_response,2444.894000035769,hidden,0.0,,,,2.0,aa,bb,0.0,1.0,bb,aa,False,2023-08-17 16:18:11.787000+00:00,control,easy,12,feedback,27,27
5,21.0,control,EP,explanation,prediction,1.0,12.0,,,,,,,,,control_screen_response,478.3970000357367,hidden,2.0,,,,2.0,aa,bb,0.6,1.0,bb,bb,True,2023-08-17 16:18:17.587000+00:00,control,easy,13,feedback,28,28
5,21.0,control,EP,explanation,prediction,1.0,13.0,,,,,,,,,control_screen_response,3374.5400000357768,hidden,3.0,,,,1.0,aa,ba,0.0,0.6,ba,ba,True,2023-08-17 16:18:26.283000+00:00,control,easy,14,feedback,29,29
5,21.0,control,EP,explanation,prediction,1.0,14.0,,,,,,,,,control_screen_response,3574.735000035784,hidden,2.0,,,,1.0,ab,aa,0.0,0.24,aa,aa,True,2023-08-17 16:18:35.183000+00:00,control,easy,15,feedback,30,30
5,21.0,control,EP,explanation,prediction,,,,,,,,,,0.0,explanation_screen_response,6489.32799999998,visible,0.0,b,2.0,b,2.0,,,,,2,1,False,2023-08-17 16:19:28.463000+00:00,explanation,easy,1,transfer,31,1
5,21.0,control,EP,explanation,prediction,,,,,,,,,,1.0,explanation_screen_response,3599.468000035791,visible,3.0,a,0.0,a,2.0,,,,,1,2,False,2023-08-17 16:19:35.073000+00:00,explanation,easy,2,transfer,32,2
5,21.0,control,EP,explanation,prediction,,,,,,,,,,2.0,explanation_screen_response,4672.948000035773,visible,2.0,a,0.0,b,2.0,,,,,1,1,True,2023-08-17 16:19:42.763000+00:00,explanation,easy,3,transfer,33,3
5,21.0,control,EP,explanation,prediction,,,,,,,,,,3.0,explanation_screen_response,7147.760000035749,visible,0.0,a,2.0,a,0.0,,,,,2,2,True,2023-08-17 16:19:52.921000+00:00,explanation,easy,4,transfer,34,4
5,21.0,control,EP,explanation,prediction,,,,,,,,,,4.0,explanation_screen_response,585.3700000357348,visible,3.0,a,1.0,b,0.0,,,,,1,1,True,2023-08-17 16:19:56.525000+00:00,explanation,easy,5,transfer,35,5
5,21.0,control,EP,explanation,prediction,,,,,,,,,,5.0,explanation_screen_response,935.4080000357352,visible,0.0,a,2.0,b,2.0,,,,,2,1,False,2023-08-17 16:20:00.475000+00:00,explanation,easy,6,transfer,36,6
5,21.0,control,EP,explanation,prediction,,,,,,,,,,6.0,explanation_screen_response_time,15629.8290000119,visible,0.0,b,2.0,a,0.0,,,,,2,1,False,2023-08-17 16:20:19.119000+00:00,explanation,easy,7,transfer,37,7
5,21.0,control,EP,explanation,prediction,,,,,,,,,,7.0,explanation_screen_response,314.6929999999702,visible,0.0,b,2.0,a,3.0,,,,,2,2,True,2023-08-17 16:20:22.437000+00:00,explanation,easy,8,transfer,38,8
5,21.0,control,EP,explanation,prediction,,,,,,,,,,8.0,explanation_screen_response,2069.398000035784,visible,2.0,a,0.0,a,2.0,,,,,1,1,True,2023-08-17 16:20:27.525000+00:00,explanation,easy,9,transfer,39,9
5,21.0,control,EP,explanation,prediction,,,,,,,,,,9.0,explanation_screen_response,616.115000011865,visible,3.0,a,1.0,a,0.0,,,,,1,2,False,2023-08-17 16:20:31.155000+00:00,explanation,easy,10,transfer,40,10
5,21.0,control,EP,explanation,prediction,,,,,,,,,,0.0,explanation_screen_response,2976.959000035771,hidden,0.0,b,,a,0.0,,,,,2,1,False,2023-08-17 16:20:37.149000+00:00,explanation,easy,1,transfer,41,11
5,21.0,control,EP,explanation,prediction,,,,,,,,,,1.0,explanation_screen_response,788.8850000357488,hidden,2.0,a,,a,2.0,,,,,1,2,False,2023-08-17 16:20:40.961000+00:00,explanation,easy,2,transfer,42,12
5,21.0,control,EP,explanation,prediction,,,,,,,,,,2.0,explanation_screen_response,331.0890000119107,hidden,2.0,b,,b,2.0,,,,,2,2,True,2023-08-17 16:20:44.303000+00:00,explanation,easy,3,transfer,43,13
5,21.0,control,EP,explanation,prediction,,,,,,,,,,3.0,explanation_screen_response,353.23400003579445,hidden,3.0,a,,a,2.0,,,,,1,2,False,2023-08-17 16:20:47.675000+00:00,explanation,easy,4,transfer,44,14
5,21.0,control,EP,explanation,prediction,,,,,,,,,,4.0,explanation_screen_response,382.54600001196377,hidden,3.0,a,,b,0.0,,,,,1,1,True,2023-08-17 16:20:51.071000+00:00,explanation,easy,5,transfer,45,15
5,21.0,control,EP,explanation,prediction,,,,,,,,,,5.0,explanation_screen_response,542.7100000358187,hidden,0.0,a,,a,3.0,,,,,2,1,False,2023-08-17 16:20:54.631000+00:00,explanation,easy,6,transfer,46,16
5,21.0,control,EP,explanation,prediction,,,,,,,,,,6.0,explanation_screen_response,356.75100001192186,hidden,0.0,b,,b,2.0,,,,,2,2,True,2023-08-17 16:20:57.995000+00:00,explanation,easy,7,transfer,47,17
5,21.0,control,EP,explanation,prediction,,,,,,,,,,7.0,explanation_screen_response,364.1350000118837,hidden,0.0,a,,a,0.0,,,,,2,1,False,2023-08-17 16:21:01.369000+00:00,explanation,easy,8,transfer,48,18
5,21.0,control,EP,explanation,prediction,,,,,,,,,,8.0,explanation_screen_response,562.8590000119293,hidden,3.0,b,,a,0.0,,,,,2,2,True,2023-08-17 16:21:04.951000+00:00,explanation,easy,9,transfer,49,19
5,21.0,control,EP,explanation,prediction,,,,,,,,,,9.0,explanation_screen_response,587.7170000358019,hidden,3.0,a,,b,2.0,,,,,1,2,False,2023-08-17 16:21:08.559000+00:00,explanation,easy,10,transfer,50,20
5,21.0,control,EP,explanation,prediction,,,,,,,,0.0,,,prediction_screen_response,4345.46100003575,visible,3.0,b,3.0,a,,1,3,0.6,0.0,1,1,True,2023-08-17 16:21:28.134000+00:00,prediction,easy,1,transfer,51,21
5,21.0,control,EP,explanation,prediction,,,,,,,,1.0,,,prediction_screen_response,5747.611000035773,visible,2.0,a,3.0,a,,0,3,0.4,0.0,0,0,True,2023-08-17 16:21:37.386000+00:00,prediction,easy,2,transfer,52,22
5,21.0,control,EP,explanation,prediction,,,,,,,,2.0,,,prediction_screen_response,2433.0970000358066,visible,2.0,a,3.0,a,,3,1,0.0,0.6,1,1,True,2023-08-17 16:21:43.338000+00:00,prediction,easy,3,transfer,53,23
5,21.0,control,EP,explanation,prediction,,,,,,,,3.0,,,prediction_screen_response,5015.237000011955,visible,3.0,a,1.0,a,,0,1,1.0,0.0,0,0,True,2023-08-17 16:21:51.870000+00:00,prediction,easy,4,transfer,54,24
5,21.0,control,EP,explanation,prediction,,,,,,,,4.0,,,prediction_screen_response,4158.119000035804,visible,2.0,b,2.0,a,,1,3,0.0,0.4,3,1,False,2023-08-17 16:21:59.546000+00:00,prediction,easy,5,transfer,55,25
5,21.0,control,EP,explanation,prediction,,,,,,,,5.0,,,prediction_screen_response,2829.663000035798,visible,3.0,b,3.0,b,,1,3,0.0,1.0,3,3,True,2023-08-17 16:22:05.884000+00:00,prediction,easy,6,transfer,56,26
5,21.0,control,EP,explanation,prediction,,,,,,,,6.0,,,prediction_screen_response,4467.771000035806,visible,1.0,a,0.0,a,,2,0,1.0,0.0,2,2,True,2023-08-17 16:22:13.872000+00:00,prediction,easy,7,transfer,57,27
5,21.0,control,EP,explanation,prediction,,,,,,,,7.0,,,prediction_screen_response,2982.7419999999693,visible,0.0,b,2.0,b,,2,3,1.0,0.0,2,2,True,2023-08-17 16:22:20.370000+00:00,prediction,easy,8,transfer,58,28
5,21.0,control,EP,explanation,prediction,,,,,,,,8.0,,,prediction_screen_response,4798.701000011875,visible,3.0,a,1.0,b,,3,0,0.0,1.0,0,3,False,2023-08-17 16:22:28.685000+00:00,prediction,easy,9,transfer,59,29
5,21.0,control,EP,explanation,prediction,,,,,,,,9.0,,,prediction_screen_response,4038.389000035706,visible,1.0,b,0.0,b,,2,1,1.0,0.0,2,1,False,2023-08-17 16:22:36.241000+00:00,prediction,easy,10,transfer,60,30
5,21.0,control,EP,explanation,prediction,,,,,,,,0.0,,,prediction_screen_response,3520.463000011863,hidden,2.0,a,,a,,3,1,0.0,0.24,1,1,True,2023-08-17 16:22:43.273000+00:00,prediction,easy,1,transfer,61,31
5,21.0,control,EP,explanation,prediction,,,,,,,,1.0,,,prediction_screen_response,4356.713000035728,hidden,2.0,a,,b,,1,3,0.0,0.4,3,1,False,2023-08-17 16:22:50.659000+00:00,prediction,easy,2,transfer,62,32
5,21.0,control,EP,explanation,prediction,,,,,,,,2.0,,,prediction_screen_response,4302.123000011896,hidden,0.0,b,,a,,3,0,0.4,0.6,0,3,False,2023-08-17 16:22:57.971000+00:00,prediction,easy,3,transfer,63,33
5,21.0,control,EP,explanation,prediction,,,,,,,,3.0,,,prediction_screen_response,2833.697000035784,hidden,3.0,b,,a,,3,1,0.0,0.6,1,1,True,2023-08-17 16:23:03.819000+00:00,prediction,easy,4,transfer,64,34
5,21.0,control,EP,explanation,prediction,,,,,,,,4.0,,,prediction_screen_response,2193.850000035716,hidden,3.0,a,,b,,2,1,0.4,0.0,2,2,True,2023-08-17 16:23:09.029000+00:00,prediction,easy,5,transfer,65,35
5,21.0,control,EP,explanation,prediction,,,,,,,,5.0,,,prediction_screen_response,3583.868000011891,hidden,0.0,a,,a,,1,0,0.0,0.6,0,0,True,2023-08-17 16:23:15.619000+00:00,prediction,easy,6,transfer,66,36
5,21.0,control,EP,explanation,prediction,,,,,,,,6.0,,,prediction_screen_response,3976.131000035792,hidden,1.0,b,,a,,2,1,1.0,0.0,2,2,True,2023-08-17 16:23:22.611000+00:00,prediction,easy,7,transfer,67,37
5,21.0,control,EP,explanation,prediction,,,,,,,,7.0,,,prediction_screen_response,3434.9600000358187,hidden,3.0,a,,a,,2,1,0.4,0.0,2,2,True,2023-08-17 16:23:29.053000+00:00,prediction,easy,8,transfer,68,38
5,21.0,control,EP,explanation,prediction,,,,,,,,8.0,,,prediction_screen_response,2001.1200000357348,hidden,2.0,b,,a,,1,3,0.0,0.4,3,3,True,2023-08-17 16:23:34.069000+00:00,prediction,easy,9,transfer,69,39
5,21.0,control,EP,explanation,prediction,,,,,,,,9.0,,,prediction_screen_response,916.4600000119536,hidden,2.0,a,,b,,0,3,0.0,0.4,3,0,False,2023-08-17 16:23:38.001000+00:00,prediction,easy,10,transfer,70,40
6,21.0,control,EP,explanation,prediction,1.0,,0.0,,,,,,,,control_screen_response,4413.0,visible,0.0,b,2.0,,2.0,a,b,0.0,1.0,b,b,True,2023-08-17 16:17:39.670000+00:00,control,easy,1,feedback,1,1
6,21.0,control,EP,explanation,prediction,1.0,,1.0,,,,,,,,control_screen_response,1046.0,visible,0.0,a,2.0,,0.0,a,b,0.6,0.0,a,a,True,2023-08-17 16:17:46.004000+00:00,control,easy,2,feedback,2,2
6,21.0,control,EP,explanation,prediction,1.0,,2.0,,,,,,,,control_screen_response,1914.000000000029,visible,2.0,b,2.0,,2.0,a,b,0.0,1.0,b,b,True,2023-08-17 16:17:53.204000+00:00,control,easy,3,feedback,3,3
6,21.0,control,EP,explanation,prediction,1.0,,3.0,,,,,,,,control_screen_response,2797.0,visible,2.0,a,3.0,,1.0,a,b,0.6,0.0,a,a,True,2023-08-17 16:18:01.287000+00:00,control,easy,4,feedback,4,4
6,21.0,control,EP,explanation,prediction,1.0,,4.0,,,,,,,,control_screen_response,996.0,visible,0.0,a,2.0,,2.0,a,b,0.0,1.0,b,b,True,2023-08-17 16:18:07.553000+00:00,control,easy,5,feedback,5,5
6,21.0,control,EP,explanation,prediction,1.0,,5.0,,,,,,,,control_screen_response,914.0,visible,3.0,b,3.0,,0.0,a,b,0.4,0.0,a,a,True,2023-08-17 16:18:13.754000+00:00,control,easy,6,feedback,6,6
6,21.0,control,EP,explanation,prediction,1.0,,6.0,,,,,,,,control_screen_response,915.0,visible,3.0,b,3.0,,3.0,a,b,0.0,1.0,b,b,True,2023-08-17 16:18:19.954000+00:00,control,easy,7,feedback,7,7
6,21.0,control,EP,explanation,prediction,1.0,,7.0,,,,,,,,control_screen_response,3681.0,visible,0.0,b,2.0,,3.0,a,b,0.4,0.0,a,a,True,2023-08-17 16:18:28.921000+00:00,control,easy,8,feedback,8,8
6,21.0,control,EP,explanation,prediction,1.0,,8.0,,,,,,,,control_screen_response,3698.0,visible,0.0,a,2.0,,3.0,a,b,0.4,0.0,a,b,False,2023-08-17 16:18:37.904000+00:00,control,easy,9,feedback,9,9
6,21.0,control,EP,explanation,prediction,1.0,,9.0,,,,,,,,control_screen_response,1631.000000000029,visible,0.0,b,2.0,,3.0,a,b,0.4,0.0,a,a,True,2023-08-17 16:18:44.821000+00:00,control,easy,10,feedback,10,10
6,21.0,control,EP,explanation,prediction,1.0,,10.0,,,,,,,,control_screen_response,1048.0,visible,0.0,b,2.0,,2.0,a,b,0.0,1.0,b,b,True,2023-08-17 16:18:51.154000+00:00,control,easy,11,feedback,11,11
6,21.0,control,EP,explanation,prediction,1.0,,11.0,,,,,,,,control_screen_response,715.0,visible,0.0,a,2.0,,3.0,a,b,0.4,0.0,a,a,True,2023-08-17 16:18:57.155000+00:00,control,easy,12,feedback,12,12
6,21.0,control,EP,explanation,prediction,1.0,,12.0,,,,,,,,control_screen_response,1315.0,visible,3.0,b,3.0,,3.0,a,b,0.0,1.0,b,b,True,2023-08-17 16:19:03.753000+00:00,control,easy,13,feedback,13,13
6,21.0,control,EP,explanation,prediction,1.0,,13.0,,,,,,,,control_screen_response,515.0,visible,0.0,a,2.0,,0.0,a,b,0.6,0.0,a,a,True,2023-08-17 16:19:09.552000+00:00,control,easy,14,feedback,14,14
6,21.0,control,EP,explanation,prediction,1.0,,14.0,,,,,,,,control_screen_response,882.0,visible,2.0,a,3.0,,3.0,a,b,0.0,1.0,b,b,True,2023-08-17 16:19:15.704000+00:00,control,easy,15,feedback,15,15
6,21.0,control,EP,explanation,prediction,1.0,0.0,,,,,,,,,control_screen_response,5849.000000000029,hidden,3.0,,,,2.0,ab,ba,0.4,0.0,ab,ab,True,2023-08-17 16:19:39.020000+00:00,control,easy,1,feedback,16,16
6,21.0,control,EP,explanation,prediction,1.0,1.0,,,,,,,,,control_screen_response,832.0,hidden,3.0,,,,3.0,bb,ba,1.0,0.0,bb,bb,True,2023-08-17 16:19:45.119000+00:00,control,easy,2,feedback,17,17
6,21.0,control,EP,explanation,prediction,1.0,2.0,,,,,,,,,control_screen_response,2966.0,hidden,0.0,,,,0.0,aa,ab,0.6,0.0,aa,aa,True,2023-08-17 16:19:53.353000+00:00,control,easy,3,feedback,18,18
6,21.0,control,EP,explanation,prediction,1.0,3.0,,,,,,,,,control_screen_response,6100.0,hidden,3.0,,,,1.0,aa,ba,0.0,0.6,ba,ba,True,2023-08-17 16:20:04.736000+00:00,control,easy,4,feedback,19,19
6,21.0,control,EP,explanation,prediction,1.0,4.0,,,,,,,,,control_screen_response,916.0,hidden,2.0,,,,2.0,aa,bb,0.6,1.0,bb,bb,True,2023-08-17 16:20:10.937000+00:00,control,easy,5,feedback,20,20
6,21.0,control,EP,explanation,prediction,1.0,5.0,,,,,,,,,control_screen_response,5467.0,hidden,0.0,,,,0.0,aa,ab,0.6,0.0,aa,aa,True,2023-08-17 16:20:21.686000+00:00,control,easy,6,feedback,21,21
6,21.0,control,EP,explanation,prediction,1.0,6.0,,,,,,,,,control_screen_response,2350.0,hidden,0.0,,,,2.0,aa,bb,0.0,1.0,bb,aa,False,2023-08-17 16:20:29.304000+00:00,control,easy,7,feedback,22,22
6,21.0,control,EP,explanation,prediction,1.0,7.0,,,,,,,,,control_screen_response,4301.0,hidden,0.0,,,,3.0,ab,aa,0.0,0.4,aa,aa,True,2023-08-17 16:20:38.870000+00:00,control,easy,8,feedback,23,23
6,21.0,control,EP,explanation,prediction,1.0,8.0,,,,,,,,,control_screen_response,5201.0,hidden,2.0,,,,1.0,ab,aa,0.0,0.24,aa,aa,True,2023-08-17 16:20:49.354000+00:00,control,easy,9,feedback,24,24
6,21.0,control,EP,explanation,prediction,1.0,9.0,,,,,,,,,control_screen_response,1017.0,hidden,3.0,,,,3.0,bb,ba,1.0,0.0,bb,bb,True,2023-08-17 16:20:55.654000+00:00,control,easy,10,feedback,25,25
6,21.0,control,EP,explanation,prediction,1.0,10.0,,,,,,,,,control_screen_response,2251.0,hidden,0.0,,,,3.0,ab,aa,0.0,0.4,aa,ab,False,2023-08-17 16:21:03.170000+00:00,control,easy,11,feedback,26,26
6,21.0,control,EP,explanation,prediction,1.0,11.0,,,,,,,,,control_screen_response,2618.000000000058,hidden,2.0,,,,3.0,aa,ab,0.0,0.4,ab,aa,False,2023-08-17 16:21:11.053000+00:00,control,easy,12,feedback,27,27
6,21.0,control,EP,explanation,prediction,1.0,12.0,,,,,,,,,control_screen_response,2068.000000000058,hidden,3.0,,,,2.0,aa,bb,0.4,0.0,aa,aa,True,2023-08-17 16:21:18.388000+00:00,control,easy,13,feedback,28,28
6,21.0,control,EP,explanation,prediction,1.0,13.0,,,,,,,,,control_screen_response,1519.0,hidden,3.0,,,,2.0,aa,bb,0.4,0.0,aa,aa,True,2023-08-17 16:21:25.170000+00:00,control,easy,14,feedback,29,29
6,21.0,control,EP,explanation,prediction,1.0,14.0,,,,,,,,,control_screen_response,3436.0,hidden,3.0,,,,1.0,aa,ba,0.0,0.6,ba,aa,False,2023-08-17 16:21:33.887000+00:00,control,easy,15,feedback,30,30
6,21.0,control,EP,explanation,prediction,,,,,,,,,,0.0,explanation_screen_response,3820.0,visible,3.0,a,1.0,a,0.0,,,,,1,2,False,2023-08-17 16:22:36.589000+00:00,explanation,easy,1,transfer,31,1
6,21.0,control,EP,explanation,prediction,,,,,,,,,,1.0,explanation_screen_response,14854.0,visible,3.0,a,0.0,a,2.0,,,,,1,2,False,2023-08-17 16:22:54.421000+00:00,explanation,easy,2,transfer,32,2
6,21.0,control,EP,explanation,prediction,,,,,,,,,,2.0,explanation_screen_response,1139.0,visible,2.0,a,0.0,a,2.0,,,,,1,2,False,2023-08-17 16:22:58.522000+00:00,explanation,easy,3,transfer,33,3
6,21.0,control,EP,explanation,prediction,,,,,,,,,,3.0,explanation_screen_response,1322.0,visible,0.0,a,2.0,b,2.0,,,,,2,1,False,2023-08-17 16:23:02.823000+00:00,explanation,easy,4,transfer,34,4
6,21.0,control,EP,explanation,prediction,,,,,,,,,,4.0,explanation_screen_response,4204.0,visible,0.0,b,2.0,a,3.0,,,,,2,2,True,2023-08-17 16:23:09.987000+00:00,explanation,easy,5,transfer,35,5
6,21.0,control,EP,explanation,prediction,,,,,,,,,,5.0,explanation_screen_response,4005.0,visible,0.0,b,2.0,b,2.0,,,,,2,1,False,2023-08-17 16:23:16.955000+00:00,explanation,easy,6,transfer,36,6
6,21.0,control,EP,explanation,prediction,,,,,,,,,,6.0,explanation_screen_response,11323.0,visible,2.0,a,0.0,b,2.0,,,,,1,1,True,2023-08-17 16:23:31.236000+00:00,explanation,easy,7,transfer,37,7
6,21.0,control,EP,explanation,prediction,,,,,,,,,,7.0,explanation_screen_response,2788.0,visible,0.0,a,2.0,a,0.0,,,,,2,1,False,2023-08-17 16:23:36.987000+00:00,explanation,easy,8,transfer,38,8
6,21.0,control,EP,explanation,prediction,,,,,,,,,,8.0,explanation_screen_response,7656.0,visible,3.0,a,1.0,b,0.0,,,,,1,1,True,2023-08-17 16:23:47.604000+00:00,explanation,easy,9,transfer,39,9
6,21.0,control,EP,explanation,prediction,,,,,,,,,,9.0,explanation_screen_response,3807.0,visible,0.0,b,2.0,a,0.0,,,,,2,1,False,2023-08-17 16:23:54.373000+00:00,explanation,easy,10,transfer,40,10
6,21.0,control,EP,explanation,prediction,,,,,,,,,,0.0,explanation_screen_response,8556.000000000116,hidden,0.0,b,,a,0.0,,,,,2,2,True,2023-08-17 16:24:05.922000+00:00,explanation,easy,1,transfer,41,11
6,21.0,control,EP,explanation,prediction,,,,,,,,,,1.0,explanation_screen_response,5523.0,hidden,3.0,a,,b,2.0,,,,,1,1,True,2023-08-17 16:24:14.404000+00:00,explanation,easy,2,transfer,42,12
6,21.0,control,EP,explanation,prediction,,,,,,,,,,2.0,explanation_screen_response,1406.0000000001164,hidden,3.0,a,,a,2.0,,,,,1,2,False,2023-08-17 16:24:18.770000+00:00,explanation,easy,3,transfer,43,13
6,21.0,control,EP,explanation,prediction,,,,,,,,,,3.0,explanation_screen_response,639.0,hidden,2.0,b,,b,2.0,,,,,2,2,True,2023-08-17 16:24:22.370000+00:00,explanation,easy,4,transfer,44,14
6,21.0,control,EP,explanation,prediction,,,,,,,,,,4.0,explanation_screen_response,2673.0,hidden,0.0,a,,a,3.0,,,,,2,2,True,2023-08-17 16:24:28.006000+00:00,explanation,easy,5,transfer,45,15
6,21.0,control,EP,explanation,prediction,,,,,,,,,,5.0,explanation_screen_response,2141.0000000001164,hidden,0.0,b,,b,2.0,,,,,2,1,False,2023-08-17 16:24:33.122000+00:00,explanation,easy,6,transfer,46,16
6,21.0,control,EP,explanation,prediction,,,,,,,,,,6.0,explanation_screen_response,1590.0,hidden,2.0,a,,a,2.0,,,,,1,1,True,2023-08-17 16:24:37.672000+00:00,explanation,easy,7,transfer,47,17
6,21.0,control,EP,explanation,prediction,,,,,,,,,,7.0,explanation_screen_response,1374.0,hidden,0.0,a,,a,0.0,,,,,2,1,False,2023-08-17 16:24:42.005000+00:00,explanation,easy,8,transfer,48,18
6,21.0,control,EP,explanation,prediction,,,,,,,,,,8.0,explanation_screen_response,1807.0,hidden,3.0,b,,a,0.0,,,,,2,2,True,2023-08-17 16:24:46.771000+00:00,explanation,easy,9,transfer,49,19
6,21.0,control,EP,explanation,prediction,,,,,,,,,,9.0,explanation_screen_response,1957.0000000001164,hidden,3.0,a,,b,0.0,,,,,1,1,True,2023-08-17 16:24:51.688000+00:00,explanation,easy,10,transfer,50,20
6,21.0,control,EP,explanation,prediction,,,,,,,,0.0,,,prediction_screen_response,2541.0,visible,3.0,b,3.0,a,,1,3,0.6,0.0,1,1,True,2023-08-17 16:25:11.754000+00:00,prediction,easy,1,transfer,51,21
6,21.0,control,EP,explanation,prediction,,,,,,,,1.0,,,prediction_screen_response,3375.0,visible,3.0,a,1.0,a,,0,1,1.0,0.0,0,0,True,2023-08-17 16:25:18.589000+00:00,prediction,easy,2,transfer,52,22
6,21.0,control,EP,explanation,prediction,,,,,,,,2.0,,,prediction_screen_response,4408.0,visible,0.0,b,2.0,b,,2,3,1.0,0.0,2,2,True,2023-08-17 16:25:26.455000+00:00,prediction,easy,3,transfer,53,23
6,21.0,control,EP,explanation,prediction,,,,,,,,3.0,,,prediction_screen_response,1925.0,visible,1.0,a,0.0,a,,2,0,1.0,0.0,2,2,True,2023-08-17 16:25:31.838000+00:00,prediction,easy,4,transfer,54,24
6,21.0,control,EP,explanation,prediction,,,,,,,,4.0,,,prediction_screen_response,1292.0,visible,3.0,b,3.0,b,,1,3,0.0,1.0,3,3,True,2023-08-17 16:25:36.589000+00:00,prediction,easy,5,transfer,55,25
6,21.0,control,EP,explanation,prediction,,,,,,,,5.0,,,prediction_screen_response,4976.0,visible,2.0,a,3.0,a,,0,3,0.4,0.0,0,0,True,2023-08-17 16:25:45.023000+00:00,prediction,easy,6,transfer,56,26
6,21.0,control,EP,explanation,prediction,,,,,,,,6.0,,,prediction_screen_response,6125.0,visible,2.0,a,3.0,a,,3,1,0.0,0.6,1,1,True,2023-08-17 16:25:54.605000+00:00,prediction,easy,7,transfer,57,27
6,21.0,control,EP,explanation,prediction,,,,,,,,7.0,,,prediction_screen_response,3692.0,visible,3.0,a,1.0,b,,3,0,0.0,1.0,0,3,False,2023-08-17 16:26:01.755000+00:00,prediction,easy,8,transfer,58,28
6,21.0,control,EP,explanation,prediction,,,,,,,,8.0,,,prediction_screen_response,8076.0,visible,2.0,b,2.0,a,,1,3,0.0,0.4,3,3,True,2023-08-17 16:26:13.287000+00:00,prediction,easy,9,transfer,59,29
6,21.0,control,EP,explanation,prediction,,,,,,,,9.0,,,prediction_screen_response,2926.0,visible,1.0,b,0.0,b,,2,1,1.0,0.0,2,1,False,2023-08-17 16:26:19.671000+00:00,prediction,easy,10,transfer,60,30
6,21.0,control,EP,explanation,prediction,,,,,,,,0.0,,,prediction_screen_response,5926.0,hidden,2.0,b,,a,,1,3,0.0,0.4,3,1,False,2023-08-17 16:26:29.055000+00:00,prediction,easy,1,transfer,61,31
6,21.0,control,EP,explanation,prediction,,,,,,,,1.0,,,prediction_screen_response,3359.0,hidden,3.0,b,,a,,3,1,0.0,0.6,1,1,True,2023-08-17 16:26:35.371000+00:00,prediction,easy,2,transfer,62,32
6,21.0,control,EP,explanation,prediction,,,,,,,,2.0,,,prediction_screen_response,1142.0,hidden,1.0,b,,a,,2,1,1.0,0.0,2,2,True,2023-08-17 16:26:39.471000+00:00,prediction,easy,3,transfer,63,33
6,21.0,control,EP,explanation,prediction,,,,,,,,3.0,,,prediction_screen_response,4109.000000000116,hidden,2.0,a,,a,,3,1,0.0,0.24,1,1,True,2023-08-17 16:26:46.539000+00:00,prediction,easy,4,transfer,64,34
6,21.0,control,EP,explanation,prediction,,,,,,,,4.0,,,prediction_screen_response,3277.0,hidden,2.0,a,,b,,0,3,0.0,0.4,3,3,True,2023-08-17 16:26:52.772000+00:00,prediction,easy,5,transfer,65,35
6,21.0,control,EP,explanation,prediction,,,,,,,,5.0,,,prediction_screen_response,4043.0,hidden,3.0,a,,a,,2,1,0.4,0.0,2,2,True,2023-08-17 16:26:59.772000+00:00,prediction,easy,6,transfer,66,36
6,21.0,control,EP,explanation,prediction,,,,,,,,6.0,,,prediction_screen_response,1410.0000000001164,hidden,3.0,a,,b,,2,1,0.4,0.0,2,2,True,2023-08-17 16:27:04.138000+00:00,prediction,easy,7,transfer,67,37
6,21.0,control,EP,explanation,prediction,,,,,,,,7.0,,,prediction_screen_response,3377.0,hidden,2.0,a,,b,,1,3,0.0,0.4,3,3,True,2023-08-17 16:27:10.472000+00:00,prediction,easy,8,transfer,68,38
6,21.0,control,EP,explanation,prediction,,,,,,,,8.0,,,prediction_screen_response,2961.0,hidden,0.0,b,,a,,3,0,0.4,0.6,0,3,False,2023-08-17 16:27:16.389000+00:00,prediction,easy,9,transfer,69,39
6,21.0,control,EP,explanation,prediction,,,,,,,,9.0,,,prediction_screen_response,1878.0,hidden,0.0,a,,a,,1,0,0.0,0.6,0,1,False,2023-08-17 16:27:21.221000+00:00,prediction,easy,10,transfer,70,40
7,21.0,control,EP,explanation,prediction,2.0,,0.0,,,,,,,,control_screen_response,774.2110000238172,visible,2.0,a,3.0,,1.0,a,b,0.6,0.0,a,a,True,2023-08-17 16:20:30.930000+00:00,control,easy,16,feedback,16,16
7,21.0,control,EP,explanation,prediction,2.0,,1.0,,,,,,,,control_screen_response,1484.837999976182,visible,2.0,a,3.0,,1.0,a,b,0.6,0.0,a,a,True,2023-08-17 16:20:37.734000+00:00,control,easy,17,feedback,17,17
7,21.0,control,EP,explanation,prediction,2.0,,2.0,,,,,,,,control_screen_response,2186.0109999523265,visible,0.0,b,2.0,,2.0,a,b,0.0,1.0,b,b,True,2023-08-17 16:20:45.228000+00:00,control,easy,18,feedback,18,18
7,21.0,control,EP,explanation,prediction,2.0,,3.0,,,,,,,,control_screen_response,574.4309999999823,visible,3.0,b,3.0,,3.0,a,b,0.0,1.0,b,b,True,2023-08-17 16:20:51.125000+00:00,control,easy,19,feedback,19,19
7,21.0,control,EP,explanation,prediction,2.0,,4.0,,,,,,,,control_screen_response,609.7459999284474,visible,2.0,b,2.0,,2.0,a,b,0.0,1.0,b,b,True,2023-08-17 16:20:57.055000+00:00,control,easy,20,feedback,20,20
7,21.0,control,EP,explanation,prediction,2.0,,5.0,,,,,,,,control_screen_response,2847.731999952288,visible,2.0,a,3.0,,3.0,a,b,0.0,1.0,b,b,True,2023-08-17 16:21:05.219000+00:00,control,easy,21,feedback,21,21
7,21.0,control,EP,explanation,prediction,2.0,,6.0,,,,,,,,control_screen_response,4294.331999928458,visible,0.0,a,2.0,,0.0,a,b,0.6,0.0,a,a,True,2023-08-17 16:21:14.841000+00:00,control,easy,22,feedback,22,22
7,21.0,control,EP,explanation,prediction,2.0,,7.0,,,,,,,,control_screen_response,1775.4549999523442,visible,0.0,b,2.0,,3.0,a,b,0.4,0.0,a,a,True,2023-08-17 16:21:21.929000+00:00,control,easy,23,feedback,23,23
7,21.0,control,EP,explanation,prediction,2.0,,8.0,,,,,,,,control_screen_response,2614.2579999523005,visible,0.0,a,2.0,,2.0,a,b,0.0,1.0,b,b,True,2023-08-17 16:21:29.860000+00:00,control,easy,24,feedback,24,24
7,21.0,control,EP,explanation,prediction,2.0,,9.0,,,,,,,,control_screen_response,2940.6629999523284,visible,3.0,b,3.0,,0.0,a,b,0.4,0.0,a,a,True,2023-08-17 16:21:38.128000+00:00,control,easy,25,feedback,25,25
7,21.0,control,EP,explanation,prediction,2.0,,10.0,,,,,,,,control_screen_response,2045.613999928464,visible,2.0,b,2.0,,2.0,a,b,0.0,1.0,b,b,True,2023-08-17 16:21:45.491000+00:00,control,easy,26,feedback,26,26
7,21.0,control,EP,explanation,prediction,2.0,,11.0,,,,,,,,control_screen_response,791.3570000000182,visible,0.0,b,2.0,,2.0,a,b,0.0,1.0,b,b,True,2023-08-17 16:21:51.612000+00:00,control,easy,27,feedback,27,27
7,21.0,control,EP,explanation,prediction,2.0,,12.0,,,,,,,,control_screen_response,610.4569999523228,visible,2.0,a,3.0,,3.0,a,b,0.0,1.0,b,b,True,2023-08-17 16:21:57.541000+00:00,control,easy,28,feedback,28,28
7,21.0,control,EP,explanation,prediction,2.0,,13.0,,,,,,,,control_screen_response,2067.1780000238214,visible,0.0,a,2.0,,2.0,a,b,0.0,1.0,b,b,True,2023-08-17 16:22:04.925000+00:00,control,easy,29,feedback,29,29
7,21.0,control,EP,explanation,prediction,2.0,,14.0,,,,,,,,control_screen_response,705.7750000000233,visible,0.0,a,2.0,,3.0,a,b,0.4,0.0,a,a,True,2023-08-17 16:22:10.956000+00:00,control,easy,30,feedback,30,30
7,21.0,control,EP,explanation,prediction,1.0,0.0,,,,,,,,,control_screen_response,6697.796000023838,hidden,0.0,,,,0.0,aa,ab,0.6,0.0,aa,aa,True,2023-08-17 16:22:32.415000+00:00,control,easy,1,feedback,31,31
7,21.0,control,EP,explanation,prediction,1.0,1.0,,,,,,,,,control_screen_response,5448.18900002382,hidden,2.0,,,,2.0,aa,bb,0.6,1.0,bb,bb,True,2023-08-17 16:22:43.186000+00:00,control,easy,2,feedback,32,32
7,21.0,control,EP,explanation,prediction,1.0,2.0,,,,,,,,,control_screen_response,4042.273999928497,hidden,3.0,,,,3.0,bb,ba,1.0,0.0,bb,bb,True,2023-08-17 16:22:52.552000+00:00,control,easy,3,feedback,33,33
7,21.0,control,EP,explanation,prediction,1.0,3.0,,,,,,,,,control_screen_response,4855.295000000042,hidden,0.0,,,,3.0,ab,aa,0.0,0.4,aa,aa,True,2023-08-17 16:23:02.722000+00:00,control,easy,4,feedback,34,34
7,21.0,control,EP,explanation,prediction,1.0,4.0,,,,,,,,,control_screen_response,6135.242000023834,hidden,0.0,,,,0.0,aa,ab,0.6,0.0,aa,aa,True,2023-08-17 16:23:14.175000+00:00,control,easy,5,feedback,35,35
7,21.0,control,EP,explanation,prediction,1.0,5.0,,,,,,,,,control_screen_response,4036.90899997612,hidden,3.0,,,,1.0,aa,ba,0.0,0.6,ba,aa,False,2023-08-17 16:23:23.531000+00:00,control,easy,6,feedback,36,36
7,21.0,control,EP,explanation,prediction,1.0,6.0,,,,,,,,,control_screen_response,6011.032000000007,hidden,2.0,,,,2.0,aa,bb,0.6,1.0,bb,bb,True,2023-08-17 16:23:34.862000+00:00,control,easy,7,feedback,37,37
7,21.0,control,EP,explanation,prediction,1.0,7.0,,,,,,,,,control_screen_response,3521.509999976144,hidden,0.0,,,,2.0,aa,bb,0.0,1.0,bb,aa,False,2023-08-17 16:23:43.711000+00:00,control,easy,8,feedback,38,38
7,21.0,control,EP,explanation,prediction,1.0,8.0,,,,,,,,,control_screen_response,14562.914999928442,hidden,3.0,,,,1.0,aa,ba,0.0,0.6,ba,aa,False,2023-08-17 16:24:03.593000+00:00,control,easy,9,feedback,39,39
7,21.0,control,EP,explanation,prediction,1.0,9.0,,,,,,,,,control_screen_response,8890.552999952342,hidden,3.0,,,,2.0,ab,ba,0.4,0.0,ab,ab,True,2023-08-17 16:24:17.800000+00:00,control,easy,10,feedback,40,40
7,21.0,control,EP,explanation,prediction,1.0,10.0,,,,,,,,,control_screen_response,4318.464999976102,hidden,0.0,,,,3.0,ab,aa,0.0,0.4,aa,aa,True,2023-08-17 16:24:27.429000+00:00,control,easy,11,feedback,41,41
7,21.0,control,EP,explanation,prediction,1.0,11.0,,,,,,,,,control_screen_response,4615.087999976124,hidden,2.0,,,,3.0,aa,ab,0.0,0.4,ab,aa,False,2023-08-17 16:24:37.365000+00:00,control,easy,12,feedback,42,42
7,21.0,control,EP,explanation,prediction,1.0,12.0,,,,,,,,,control_screen_response,1341.5989999523154,hidden,2.0,,,,3.0,aa,ab,0.0,0.4,ab,ab,True,2023-08-17 16:24:44.015000+00:00,control,easy,13,feedback,43,43
7,21.0,control,EP,explanation,prediction,1.0,13.0,,,,,,,,,control_screen_response,2329.402999952319,hidden,2.0,,,,1.0,ab,aa,0.0,0.24,aa,ab,False,2023-08-17 16:24:51.663000+00:00,control,easy,14,feedback,44,44
7,21.0,control,EP,explanation,prediction,1.0,14.0,,,,,,,,,control_screen_response,5720.64300000004,hidden,3.0,,,,2.0,aa,bb,0.4,0.0,aa,aa,True,2023-08-17 16:25:02.696000+00:00,control,easy,15,feedback,45,45
7,21.0,control,EP,explanation,prediction,,,,,,,,,,0.0,explanation_screen_response,3034.6199999285163,visible,2.0,a,0.0,a,2.0,,,,,1,2,False,2023-08-17 16:26:31.030000+00:00,explanation,easy,1,transfer,46,1
7,21.0,control,EP,explanation,prediction,,,,,,,,,,1.0,explanation_screen_response,8270.195999928517,visible,3.0,a,0.0,a,2.0,,,,,1,2,False,2023-08-17 16:26:42.310000+00:00,explanation,easy,2,transfer,47,2
7,21.0,control,EP,explanation,prediction,,,,,,,,,,2.0,explanation_screen_response,7848.590999952285,visible,0.0,a,2.0,a,0.0,,,,,2,1,False,2023-08-17 16:26:53.176000+00:00,explanation,easy,3,transfer,48,3
7,21.0,control,EP,explanation,prediction,,,,,,,,,,3.0,explanation_screen_response,4841.725999976159,visible,3.0,a,1.0,b,0.0,,,,,1,2,False,2023-08-17 16:27:01.058000+00:00,explanation,easy,4,transfer,49,4
7,21.0,control,EP,explanation,prediction,,,,,,,,,,4.0,explanation_screen_response,4775.086999928462,visible,2.0,a,0.0,b,2.0,,,,,1,1,True,2023-08-17 16:27:08.850000+00:00,explanation,easy,5,transfer,50,5
7,21.0,control,EP,explanation,prediction,,,,,,,,,,5.0,explanation_screen_response,5801.330999952275,visible,3.0,a,1.0,a,0.0,,,,,1,2,False,2023-08-17 16:27:17.668000+00:00,explanation,easy,6,transfer,51,6
7,21.0,control,EP,explanation,prediction,,,,,,,,,,6.0,explanation_screen_response,7096.19499992847,visible,0.0,b,2.0,b,2.0,,,,,2,1,False,2023-08-17 16:27:27.787000+00:00,explanation,easy,7,transfer,52,7
7,21.0,control,EP,explanation,prediction,,,,,,,,,,7.0,explanation_screen_response,978.22899995232,visible,0.0,a,2.0,b,2.0,,,,,2,2,True,2023-08-17 16:27:31.774000+00:00,explanation,easy,8,transfer,53,8
7,21.0,control,EP,explanation,prediction,,,,,,,,,,8.0,explanation_screen_response,4233.115999976173,visible,0.0,b,2.0,a,3.0,,,,,2,2,True,2023-08-17 16:27:39.025000+00:00,explanation,easy,9,transfer,54,9
7,21.0,control,EP,explanation,prediction,,,,,,,,,,9.0,explanation_screen_response,2502.1699999761768,visible,0.0,b,2.0,a,0.0,,,,,2,1,False,2023-08-17 16:27:44.536000+00:00,explanation,easy,10,transfer,55,10
7,21.0,control,EP,explanation,prediction,,,,,,,,,,0.0,explanation_screen_response,7982.747999928426,hidden,0.0,a,,a,0.0,,,,,2,2,True,2023-08-17 16:27:55.561000+00:00,explanation,easy,1,transfer,56,11
7,21.0,control,EP,explanation,prediction,,,,,,,,,,1.0,explanation_screen_response,2322.1840000000084,hidden,2.0,b,,b,2.0,,,,,2,2,True,2023-08-17 16:28:00.889000+00:00,explanation,easy,2,transfer,57,12
7,21.0,control,EP,explanation,prediction,,,,,,,,,,2.0,explanation_screen_response,3625.204999928479,hidden,3.0,a,,b,2.0,,,,,1,2,False,2023-08-17 16:28:07.520000+00:00,explanation,easy,3,transfer,58,13
7,21.0,control,EP,explanation,prediction,,,,,,,,,,3.0,explanation_screen_response,2147.8190000000177,hidden,3.0,a,,b,0.0,,,,,1,1,True,2023-08-17 16:28:12.686000+00:00,explanation,easy,4,transfer,59,14
7,21.0,control,EP,explanation,prediction,,,,,,,,,,4.0,explanation_screen_response,2701.9389999284176,hidden,0.0,a,,a,3.0,,,,,2,1,False,2023-08-17 16:28:18.402000+00:00,explanation,easy,5,transfer,60,15
7,21.0,control,EP,explanation,prediction,,,,,,,,,,5.0,explanation_screen_response,6233.239999928512,hidden,2.0,a,,a,2.0,,,,,1,2,False,2023-08-17 16:28:27.644000+00:00,explanation,easy,6,transfer,61,16
7,21.0,control,EP,explanation,prediction,,,,,,,,,,6.0,explanation_screen_response,11959.199000000022,hidden,0.0,b,,a,0.0,,,,,2,1,False,2023-08-17 16:28:42.610000+00:00,explanation,easy,7,transfer,62,17
7,21.0,control,EP,explanation,prediction,,,,,,,,,,7.0,explanation_screen_response,2329.5039999762084,hidden,0.0,b,,b,2.0,,,,,2,2,True,2023-08-17 16:28:47.948000+00:00,explanation,easy,8,transfer,63,18
7,21.0,control,EP,explanation,prediction,,,,,,,,,,8.0,explanation_screen_response,950.2260000000242,hidden,3.0,a,,a,2.0,,,,,1,1,True,2023-08-17 16:28:51.913000+00:00,explanation,easy,9,transfer,64,19
7,21.0,control,EP,explanation,prediction,,,,,,,,,,9.0,explanation_screen_response,1197.2079999999842,hidden,3.0,b,,a,0.0,,,,,2,1,False,2023-08-17 16:28:56.122000+00:00,explanation,easy,10,transfer,65,20
7,21.0,control,EP,explanation,prediction,,,,,,,,0.0,,,prediction_screen_response,2042.2069999284577,visible,1.0,a,0.0,a,,2,0,1.0,0.0,2,2,True,2023-08-17 16:29:15.531000+00:00,prediction,easy,1,transfer,66,21
7,21.0,control,EP,explanation,prediction,,,,,,,,1.0,,,prediction_screen_response,1209.0840000000317,visible,3.0,b,3.0,b,,1,3,0.0,1.0,3,3,True,2023-08-17 16:29:20.258000+00:00,prediction,easy,2,transfer,67,22
7,21.0,control,EP,explanation,prediction,,,,,,,,2.0,,,prediction_screen_response,3139.883000023896,visible,2.0,a,3.0,a,,3,1,0.0,0.6,1,1,True,2023-08-17 16:29:26.917000+00:00,prediction,easy,3,transfer,68,23
7,21.0,control,EP,explanation,prediction,,,,,,,,3.0,,,prediction_screen_response,4660.093999952311,visible,0.0,b,2.0,b,,2,3,1.0,0.0,2,2,True,2023-08-17 16:29:35.081000+00:00,prediction,easy,4,transfer,69,24
7,21.0,control,EP,explanation,prediction,,,,,,,,4.0,,,prediction_screen_response,6113.557999999961,visible,3.0,a,1.0,b,,3,0,0.0,1.0,0,3,False,2023-08-17 16:29:44.709000+00:00,prediction,easy,5,transfer,70,25
7,21.0,control,EP,explanation,prediction,,,,,,,,5.0,,,prediction_screen_response,2997.609999952372,visible,3.0,b,3.0,a,,1,3,0.6,0.0,1,1,True,2023-08-17 16:29:51.216000+00:00,prediction,easy,6,transfer,71,26
7,21.0,control,EP,explanation,prediction,,,,,,,,6.0,,,prediction_screen_response,11078.980000023848,visible,1.0,b,0.0,b,,2,1,1.0,0.0,2,1,False,2023-08-17 16:30:05.807000+00:00,prediction,easy,7,transfer,72,27
7,21.0,control,EP,explanation,prediction,,,,,,,,7.0,,,prediction_screen_response,9854.33100002387,visible,3.0,a,1.0,a,,0,1,1.0,0.0,0,0,True,2023-08-17 16:30:19.168000+00:00,prediction,easy,8,transfer,73,28
7,21.0,control,EP,explanation,prediction,,,,,,,,8.0,,,prediction_screen_response,2646.37199995236,visible,2.0,b,2.0,a,,1,3,0.0,0.4,3,1,False,2023-08-17 16:30:25.329000+00:00,prediction,easy,9,transfer,74,29
7,21.0,control,EP,explanation,prediction,,,,,,,,9.0,,,prediction_screen_response,3868.458000023849,visible,2.0,a,3.0,a,,0,3,0.4,0.0,0,0,True,2023-08-17 16:30:32.712000+00:00,prediction,easy,10,transfer,75,30
7,21.0,control,EP,explanation,prediction,,,,,,,,0.0,,,prediction_screen_response,5412.558999976143,hidden,2.0,a,,b,,0,3,0.0,0.4,3,0,False,2023-08-17 16:30:41.648000+00:00,prediction,easy,1,transfer,76,31
7,21.0,control,EP,explanation,prediction,,,,,,,,1.0,,,prediction_screen_response,6393.411999952281,hidden,2.0,b,,a,,1,3,0.0,0.4,3,1,False,2023-08-17 16:30:51.053000+00:00,prediction,easy,2,transfer,77,32
7,21.0,control,EP,explanation,prediction,,,,,,,,2.0,,,prediction_screen_response,4448.885000000009,hidden,0.0,a,,a,,1,0,0.0,0.6,0,0,True,2023-08-17 16:30:58.515000+00:00,prediction,easy,3,transfer,78,33
7,21.0,control,EP,explanation,prediction,,,,,,,,3.0,,,prediction_screen_response,2907.2429999284213,hidden,2.0,a,,a,,3,1,0.0,0.24,1,1,True,2023-08-17 16:31:04.432000+00:00,prediction,easy,4,transfer,79,34
7,21.0,control,EP,explanation,prediction,,,,,,,,4.0,,,prediction_screen_response,2622.3739999999525,hidden,2.0,a,,b,,1,3,0.0,0.4,3,3,True,2023-08-17 16:31:10.075000+00:00,prediction,easy,5,transfer,80,35
7,21.0,control,EP,explanation,prediction,,,,,,,,5.0,,,prediction_screen_response,6143.193999928422,hidden,3.0,a,,b,,2,1,0.4,0.0,2,1,False,2023-08-17 16:31:19.223000+00:00,prediction,easy,6,transfer,81,36
7,21.0,control,EP,explanation,prediction,,,,,,,,6.0,,,prediction_screen_response,2760.793999952264,hidden,3.0,b,,a,,3,1,0.0,0.6,1,3,False,2023-08-17 16:31:24.998000+00:00,prediction,easy,7,transfer,82,37
